3134 5476
619 292 661 354 88

103 474 179 557 Ipse
203 481 365 548 mortuus,
390 480 427 536 ut
450 472 514 536 sibi
539 473 717 555 contingat
740 471 810 535 tale
833 471 1048 550 beneficium,
1074 483 1183 558 rogat:

61 591 142 656 Bch.
171 608 272 674 1321:
297 593 355 675 qui
380 592 461 656 nulli
486 594 599 676 gravis
622 593 816 668 extiteram‚
841 593 924 656 dum
945 594 1017 658 vita
1038 595 1201 671 manebat,

337 711 401 775 hac
425 711 541 775 iuncto
564 720 741 776 aeternum
765 711 808 775 sit
833 711 915 775 mihi
938 720 1031 777 terra
1052 713 1147 777 levis.

61 834 142 897 Bch.
172 847 272 916 1579:
298 832 470 915 Lupensia
494 831 548 895 hic
573 851 638 915 ego
662 851 737 895 sum
761 831 866 896 inlata
890 831 1054 898 Consutia
1077 834 1174 910 Rufa,

295 954 389 1016 cuius
413 973 489 1016 ossa
512 952 633 1015 leviter
656 959 752 1034 tegat
772 959 862 1016 terra
882 962 972 1018 mate
992 954 1066 1038 (i.e.
1081 956 1206 1039 mater).

61 1071 103 1135 cf.
129 1072 209 1135 Bch.
239 1088 332 1148 1220,
362 1073 456 1153 1258,
486 1072 579 1154 1269,
610 1070 742 1155 13181).

106 1452 149 1516 V.
183 1450 339 1516 Occurrit
371 1451 491 1515 eadem
524 1451 693 1515 sententia
716 1451 844 1534 legenti
869 1451 1039 1534 permulta
1063 1452 1213 1515 carmina

62 1592 111 1647 ea,
147 1572 181 1635 in
217 1571 340 1654 quibus
374 1572 556 1655 propinqui
588 1571 659 1636 sive
691 1572 839 1636 viatores
870 1579 1048 1654 tamquam
1078 1571 1215 1635 auribus

62 1691 307 1774 percipientem
339 1703 506 1756 mortuum
537 1692 754 1774 alloquuntur
776 1703 809 1756 et
829 1692 980 1758 salutant
991 1689 1026 1776 ²).
1051 1691 1213 1775 Quando·

63 1812 201 1895 quidem
226 1820 388 1889 mortuus,
414 1821 450 1876 ut
476 1813 659 1877 multorum
680 1813 744 1876 sert
764 1814 892 1897 opinio,
913 1813 1047 1877 habitat
1059 1813 1215 1896 sepulcra

63 1933 125 1996 viis
148 1952 394 2016 saepenumero
418 1931 573 2008 finitima,
596 1934 808 2016 gratissimae
822 1929 845 2016 ³)
870 1933 901 1996 ei
924 1941 1003 1996 sunt
1023 1932 1109 1997 tales
1128 1931 1214 1997 salu·

63 2052 220 2128 tationes,
256 2052 348 2135 quod
385 2052 556 2116 vinculum
590 2053 742 2117 nondum
773 2053 920 2118 solutum
953 2073 1027 2117 esse
1050 2053 1214 2129 indicant,

63 2192 133 2255 quo
157 2173 248 2237 vitae
272 2180 324 2236 est
348 2173 548 2236 coniunctus
561 2169 596 2255 ⁴).

67 2292 148 2356 Bch.
161 2308 245 2373 424:
293 2291 393 2357 Salve
419 2293 601 2356 caremihi
626 2294 785 2369 coniunX,
810 2293 934 2357 dilecta
960 2313 1124 2377 propago.

287 2413 425 2478 condite
449 2414 623 2497 perpetuis
646 2414 795 2478 tumulis

66 2532 146 2596 Bch.
160 2533 243 2597 610:
291 2532 408 2596 Aionii
432 2534 535 2610 salve,
559 2533 676 2598 doleas
699 2555 742 2599 ne
766 2534 836 2599 fata
859 2555 1027 2618 suprema.

66 2652 147 2717 Bch.
167 2654 265 2736 1308:
291 2653 390 2718 Have
415 2653 580 2737 Septima,
604 2656 649 2718 sit
673 2655 736 2719 tibi
760 2663 850 2719 terra
874 2655 969 2718 levis.

65 2773 147 2836 Bch.
166 2775 266 2855 1558:
291 2773 388 2851 have,
414 2774 535 2858 puella,
562 2775 705 2839 multum
730 2776 842 2858 adque
867 2775 901 2838 in
925 2796 1047 2839 aevum
1073 2775 1160 2838 vale.

98 2986 124 3053 1)
142 2987 184 3037 1)2
203 2987 317 3038 carmine
335 2988 399 3037 Bch.
422 2985 471 3038 128
490 3003 544 3036 non
563 2994 675 3054 constat,
691 3002 744 3053 qno
755 2986 833 3036 modo
843 2986 877 3036 sit
887 2986 1216 3053 explicandumimellegi

67 3080 153 3140 potest
182 3074 280 3139 dialogi
308 3074 399 3136 1011112,
424 3074 461 3124 112
486 3081 514 3124 nt
533 3074 618 3124 viator
636 3074 719 3124 dicat:
740 3075 829 3139 „Bene
847 3073 882 3123 sit
901 3072 961 3139 tibi,
979 3073 1026 3138 qni
1043 3074 1106 3123 iacis
1125 3073 1216 3124 intus”

67 3168 92 3211 et
119 3169 235 3212 mortuns
262 3161 420 3226 respondere
448 3161 573 3226 fingatur:
604 3168 645 3226 „et
673 3169 700 3211 tu
720 3161 766 3227 qni
785 3161 860 3210 trasis
879 3168 905 3210 et
923 3160 997 3226 leges
1013 3159 1083 3210 hunc
1102 3160 1216 3227 titulum,

66 3255 129 3313 opta
159 3249 224 3314 „tibi
252 3256 318 3299 12112
342 3248 428 3298 leve'’.
458 3248 567 3298 Rectius
585 3256 672 3298 autem
691 3247 811 3312 intellegi
830 3247 953 3297 videntur
972 3248 1051 3297 verba
1070 3247 1216 3313 propinqui

65 3335 175 3386 alicuius
203 3335 246 3385 vel
273 3336 328 3386 eius
355 3336 401 3401 qui
429 3335 533 3400 scripsit
562 3335 667 3385 titulum
695 3342 796 3384 mortuo
825 3333 1008 3385 benedicentis
1036 3334 1220 3400 viatoremque,

69 3422 244 3488 admonentis,
263 3430 291 3472 ut
310 3422 379 3472 idem
399 3423 486 3473 iaciat.

97 3506 126 3574 2)
144 3508 178 3558 ci.
198 3507 292 3559 Rohde
311 3508 354 3558 l.l.
374 3508 419 3558 11⁸
438 3525 465 3574 p.
486 3517 547 3573 345.

99 3595 127 3662 3)
145 3595 176 3645 cf.
197 3595 261 3644 Bch.
279 3607 347 3658 431:
385 3596 433 3661 Tu,
454 3596 497 3660 pia
517 3603 544 3645 tu
563 3602 644 3645 mater
662 3595 762 3644 eineres
781 3594 884 3659 operire
904 3601 1042 3646 memento.

381 3683 486 3747 saepius
504 3682 530 3730 in
551 3683 607 3732 nati
625 3698 722 3731 nomen
740 3681 852 3731 clamato
871 3669 981 3731 iacentis

382 3770 462 3819 verba
479 3784 538 3818 meo
557 3769 639 3818 cineri
657 3768 749 3818 saltem
769 3768 918 3833 gratissima
937 3768 1015 3818 dona

68 3862 93 3906 et
112 3856 176 3906 Bch.
199 3854 274 3919 1184.
285 3870 310 3922 9,
334 3867 409 3919 1223.
423 3869 463 3906 ro.

67 3944 100 3993 Α.
111 3944 138 3993 P.
158 3944 210 3993 VII
229 3956 296 4006 414:
333 3940 376 3990 nai
398 3941 505 4003 καπυρόν
528 3942 558 4010 (i.
569 3959 592 3992 e.
617 3942 670 3992 alta
689 3942 765 4009 voce)
782 3939 900 4003 γελάσας
917 3940 1075 4003 παραμείβεσ
1092 3941 1215 4005 scaldim

336 4027 392 4090 ῥῆμ’
408 4029 451 4077 ἐπ’
470 4025 534 4088 ἐμοὶ.
1130 4027 1206 4077 εἰπών

61 4112 125 4162 ibid.
143 4121 209 4177 450:
656 4107 727 4157 ἀλλὰ
744 4108 886 4171 προσειπεῖν

337 4195 414 4253 rant!
429 4212 462 4258 με
479 4194 522 4245 nai
539 4192 636 4252 στήλης
653 4194 768 4252 πλησίον,
785 4189 850 4257 ὦνερ,
864 4193 908 4246 tls.

68 4287 94 4330 et
113 4280 178 4331 ibid.
198 4293 260 4349 417,
279 4281 340 4347 656.

69 4366 167 4417 Contra
187 4369 221 4418 A.
231 4369 260 4418 P.
278 4369 332 4418 V11
352 4368 403 4432 318
421 4369 466 4430 (214
484 4362 675 4427 parisiacam:

278 4452 319 4511 Μὴ
337 4453 435 4516 χαίρειν
453 4450 524 4516 dispe
543 4468 584 4512 με,
600 4452 673 4500 κακὸν
690 4451 757 4512 κέαρ,
776 4449 846 4500 ἀλλὰ
864 4450 977 4514 πάρελθε·

327 4531 382 4584 icor
400 4532 457 4597 ἐμοὶ
474 4534 572 4598 χαίρειν
589 4529 649 4582 ier-i
665 4535 695 4583 τὸ
714 4533 749 4595 μὴ
764 4534 789 4581 π’
807 4532 917 4597 ἀλέγειν,

72 4618 163 4669 Simile
182 4635 286 4670 carmen
305 4620 369 4670 ibid.
390 4620 449 4684 316.
471 4621 504 4670 cf.
524 4619 585 4669 Bch.
601 4630 653 4682 443
672 4619 700 4668 in
719 4617 804 4668 initio.

103 4705 133 4774 4)
151 4707 185 4757 cf.
206 4708 259 4758 Kb.
279 4721 339 4770 204.
