3134 5476
754 399 816 467 129

204 562 264 628 rol
292 567 347 630 τοῦ
380 567 443 629 ιῦιι
476 561 662 643 γιγνομένου
686 561 881 646 πράγματος
907 564 1059 642 αἴσθησιν.
1087 567 1183 632 Idem
1208 567 1251 631 de
1275 564 1359 631 salsa

205 681 307 766 legat.
331 683 350 766 ξ
373 684 417 748 66
433 681 466 769 ¹).

251 926 315 991 Est
337 927 517 1003 sententia,
542 925 651 1009 qualis
669 926 799 1010 optime
817 928 963 1009 quadret
983 927 1018 991 in
1039 925 1306 1003 Consolationes,
1321 926 1356 989 in

207 1047 330 1130 quibus
353 1067 460 1130 usque
484 1066 619 1130 quaque
644 1046 749 1110 redit:

206 1166 375 1232 Plutarch.
400 1166 501 1233 Cons.
525 1167 569 1231 ad
594 1165 711 1251 Apoll.
740 1180 796 1249 15:
821 1164 850 1231 sl
882 1190 922 1245 γε
952 1165 1014 1245 μὴν
1047 1165 1061 1230 ι’
1087 1164 1218 1239 θάνατος
1244 1163 1356 1231 reneio

204 1284 253 1359 τίς
280 1287 347 1352 ἐστι
371 1285 470 1368 diupei
497 1285 549 1352 κιιὶ
574 1283 716 1358 διάλυσις
736 1290 791 1350 τοῦ
814 1310 851 1352 τε
872 1285 1017 1365 σώματος
1039 1286 1092 1352 nai
1114 1293 1171 1361 τῆς
1185 1291 1295 1368 ψυχῆς
1312 1323 1356 1335 -

203 1404 392 1483 ιὶιιιισθιισίιι
416 1404 478 1487 γάρ
502 1429 551 1479 τις
575 1405 650 1471 κατ’
676 1405 772 1471 αὐτὸν
797 1405 922 1484 γίνεται
948 1422 1021 1473 κτλ.

205 1525 325 1592 Senec.
350 1528 394 1592 ad
419 1525 539 1611 Polyb.
564 1527 608 1591 de
632 1525 760 1591 consol.
787 1540 866 1609 5.1:
895 1529 1006 1610 „nulla
1029 1529 1144 1612 itaque
1164 1529 1235 1593 eius
1256 1528 1357 1592 officii

208 1647 313 1728 ,ratio
344 1655 404 1724 est,
438 1648 531 1730 quod
562 1647 604 1724 ei,
636 1648 688 1711 cui
714 1655 915 1732 praestatur,
940 1650 968 1713 si
994 1648 1077 1713 nihil
1101 1649 1213 1725 sentit,
1240 1668 1354 1733 super·

209 1788 372 1848 ,vacuum
396 1776 458 1845 est,
483 1769 509 1831 si
534 1768 647 1843 sentit,
673 1768 844 1851 ingratum
870 1766 954 1833 est’'.

206 1887 293 1951 Ibid.
320 1903 348 1970 5.
364 1905 400 1952 2:
428 1886 538 1971 „Quid
563 1889 679 1970 itaque
702 1889 797 1953 iuvat
822 1888 930 1953 dolori
952 1889 1175 1965 intabescere,
1196 1907 1309 1970 quem,
1329 1887 1357 1950 si

210 2009 305 2092 ,quis
329 2008 481 2073 defuncti
504 2029 622 2072 sensus
646 2017 706 2084 est,
732 2008 819 2072 finiri
844 2009 949 2073 frater
973 2016 1050 2073 tuus
1074 2007 1210 2093 cupit?”

207 2128 295 2193 Ibid.
327 2147 359 2214 9.
374 2146 456 2212 2,3:
493 2150 591 2212 „nam
615 2131 642 2193 si
667 2128 777 2193 nullus
802 2129 969 2194 defunctis
993 2150 1111 2194 sensus
1133 2137 1288 2213 superest
1311 2165 1355 2176 —

210 2248 255 2330 ,si
280 2257 332 2313 est
356 2249 477 2333 aliquis
501 2250 671 2315 defunctis
694 2249 844 2314 sensus”.
1203 2230 1204 2233 Ἴ

206 2367 340 2434 Consol.
365 2372 409 2435 ad
433 2371 568 2435 Liviam
591 2371 677 2456 469:
705 2371 821 2453 ,Haec
840 2370 944 2436 sentit
964 2371 1104 2449 Drusus,
1117 2370 1240 2454 siquid
1254 2370 1358 2434 modo

206 2491 310 2557 sentit
334 2491 487 2557 umbra”.

249 2731 330 2796 Alia
353 2731 513 2817 exempla
535 2733 569 2798 in
594 2733 702 2797 titulis
725 2733 858 2797 Latinis
882 2732 967 2798 haec
991 2740 1088 2798 sunt:

205 2851 286 2918 Bch.
300 2866 380 2936 545:
405 2862 441 2917 et
463 2853 490 2917 si
515 2861 630 2918 nostra
653 2862 731 2918 tuos
754 2862 899 2937 tangunt
922 2854 1064 2938 suspiria
1087 2873 1215 2917 sensus.

206 2971 287 3036 Bch.
302 2974 383 3058 576:
407 2973 509 3037 credo
521 2974 584 3038 tibi
597 2981 741 3057 gratum,
752 2975 779 3038 si
792 2975 877 3039 haec
886 2995 1022 3059 quoque
1031 2974 1174 3039 Tartara
1182 2981 1308 3037 norunt
1318 2970 1353 3058 ²).

206 3092 248 3157 cl.
261 3093 330 3159 Kb.
343 3111 424 3180 720:
449 3093 474 3159 ri
488 3092 519 3159 δέ
531 3092 581 3167 τίς
593 3095 660 3160 ἔστι
673 3093 737 3168 udor
751 3095 837 3176 πιιριὶ
847 3093 1012 3177 Τάρτιισιι
1023 3095 1082 3180 (sic
1093 3096 1112 3179 !)
1126 3092 1143 3171 ἢ
1157 3093 1245 3174 nopai
1254 3092 1352 3176 Λήθῃ,

451 3208 484 3289 ἧς
510 3212 605 3296 ἔσχον
629 3215 764 3290 σπουδῆς
790 3213 843 3281 s'rrl
866 3238 911 3281 σιι
936 3219 988 3280 νῦν
1011 3213 1162 3296 κατέχεις
1185 3211 1320 3296 χάριτα.

207 3334 289 3399 Bch.
307 3352 410 3400 1102:
433 3335 461 3400 si
486 3337 587 3401 datur
611 3338 773 3403 extinctis
797 3347 947 3403 mentem
972 3340 1118 3403 retinere
1142 3338 1301 3422 priorem,

496 3458 637 3542 respice,
663 3460 805 3536 Birroni‚
831 3480 952 3524 munus
974 3458 1155 3524 amicitiae.

206 3577 384 3641 Praeterea
408 3577 490 3642 Bch.
519 3594 616 3663 1027,
645 3593 738 3663 1555,
762 3598 839 3662 433.

205 3695 250 3760 A.
264 3696 299 3760 P.
313 3696 382 3762 VII
397 3712 456 3780 23:
480 3697 506 3761 εἰ
531 3696 566 3772 δή
591 3718 639 3770 τις
664 3695 824 3778 paratiora
848 3696 1048 3779 χρίμπτεται
1078 3694 1267 3779 εὐφροσύνα.

247 3816 427 3881 Eiusmodi
451 3819 620 3883 sententia
645 3818 837 3884 Christiano
860 3821 961 3884 titulo
985 3822 1112 3885 inserta
1135 3820 1287 3884 videtur:

206 3935 288 4001 Bch.
306 3950 406 4021 1370:
431 3938 513 4002 Post
536 3947 682 4004 mortem
705 3941 733 4004 si
757 3941 843 4005 vivit
865 3961 970 4019 amor,
995 3942 1022 4005 si
1046 3941 1155 4025 gratia
1177 3940 1288 4024 prisca

472 4059 571 4123 durat
593 4060 627 4123 in
648 4080 808 4125 arcanum
833 4062 956 4126 mentis
980 4062 1102 4126 adacta
1125 4061 1263 4137 bonum,

428 4181 583 4263 quamvis
595 4179 782 4245 luctificum
795 4180 908 4246 fratris
919 4189 1036 4246 tamen
1051 4182 1169 4265 accipe
1182 4198 1356 4245 carmen..

238 4440 265 4509 1)
282 4440 317 4492 cl.
335 4441 427 4508 Polyb.
447 4442 554 4508 &14.8
572 4444 644 4511 apud
662 4445 796 4496 Rohdium
813 4445 857 4497 l.l.
876 4445 923 4497 11⁸
941 4462 968 4512 p.
987 4454 1040 4510 354
1055 4445 1145 4497 adnot.
1162 4458 1188 4510 2,
1202 4452 1228 4497 et
1237 4445 1303 4496 ibid.
1312 4444 1358 4495 11³

224 4563 232 4578 .
324 4528 412 4580 adnot.
453 4567 459 4580 .

205 4538 316 4683 p2390}
335 4543 535 4682 Catull.396.1:
555 4617 583 4669 Si
602 4619 744 4685 quicquam
762 4619 842 4670 mutis
860 4625 961 4685 gratum
979 4624 1150 4685 acceptumve
1170 4617 1298 4683 sepulcris

608 4705 725 4756 accidere
744 4721 761 4755 a
777 4713 877 4773 nostro,
896 4704 987 4771 euve,
1005 4705 1096 4756 dolore
1115 4710 1212 4771 potest.

206 4786 333 4855 Sophocl.
351 4789 448 4843 Electr.
468 4791 534 4857 356:
554 4786 580 4840 ll
594 4807 635 4849 τις
651 4788 710 4840 ἴστ’
728 4786 782 4841 tut
797 4788 881 4854 χάρις.

1255 4938 1272 4990 ⁹
1434 4948 1499 5144 Α
