3134 5476
684 396 742 444 121

137 557 222 622 rima
244 558 470 623 constituatur
489 559 560 624 vita
580 580 691 643 neque
712 579 825 624 sermo
845 559 910 623 erit
930 559 974 623 de
993 557 1086 633 locis,
1108 557 1166 621 ubi
1186 555 1290 621 talem

139 677 245 743 vitam
269 681 393 763 degere
418 688 580 764 putantur
595 678 628 764 ¹).

183 797 265 863 Alio
286 800 361 864 loco
378 801 424 884 (p.
447 800 488 883 36
499 801 587 884 sqq.)
600 800 770 884 copiosius
783 800 826 864 de
840 799 903 864 hac
916 819 952 863 re
965 798 1143 882 disputans
1155 797 1291 862 ostendi

138 920 373 1004 exemplisque
392 920 556 985 illustravi
577 921 700 998 multis,
714 922 874 1004 antiquos
887 922 921 985 in
935 940 976 984 ea
988 919 1091 1003 vulgo
1104 919 1205 984 luisse
1217 938 1293 982 sen·

138 1040 257 1117 tentia,
277 1050 315 1106 ut
327 1051 506 1106 censerent
517 1062 661 1126 corpore
676 1063 743 1106 non
759 1061 897 1125 prorsus
910 1060 1031 1105 vacare
1044 1039 1294 1123 qualecumque

140 1162 264 1225 mortui
295 1170 496 1246 superesset.
529 1161 641 1246 Quam
673 1162 720 1227 ob
751 1182 888 1226 causam
920 1162 954 1225 in
986 1161 1050 1225 hac
1075 1167 1172 1244 parte
1195 1157 1295 1221 huius

138 1281 214 1345 libri
239 1282 408 1365 inquirere
432 1283 567 1359 omitto,
588 1290 757 1366 quatenus
777 1283 812 1347 in
833 1282 941 1347 titulis
961 1289 996 1345 et
1017 1282 1051 1345 in
1065 1279 1190 1345 litteris
1210 1298 1302 1343 com-

140 1409 348 1466 memoretur
378 1410 487 1467 status
519 1403 574 1467 ille
599 1411 820 1478 mortuorum,
847 1404 881 1466 in
906 1422 976 1485 quo
999 1401 1153 1485 corporis
1178 1407 1299 1464 natura

141 1521 286 1604 praediti
310 1541 383 1586 esse
402 1531 576 1606 putantur.
598 1523 792 1606 Inquiretur
811 1530 947 1586 tantum
964 1523 1000 1586 in
1013 1520 1098 1585 haec
1111 1521 1198 1584 duo:
1212 1538 1300 1601 quae

142 1660 188 1706 sc.
212 1641 301 1706 tituli
326 1642 503 1726 proferunt

252 1762 287 1827 A
310 1763 354 1827 de
377 1764 447 1827 vita
470 1763 562 1847 apud
587 1762 712 1827 inferos
735 1762 786 1825 sui
810 1761 957 1838 conscia,

254 1882 281 1945 B
304 1884 348 1947 de
372 1884 513 1959 ratione,
538 1903 625 1967 quae
652 1884 741 1947 inter
766 1882 862 1946 vivos
886 1890 921 1946 et
944 1888 1098 1944 mortuos
1122 1885 1228 1943 extat.

186 2061 205 2145 5
230 2079 260 2145 3.
295 2057 348 2132 Α.
373 2061 528 2126 Mortuos
551 2082 652 2126 sensu
677 2081 746 2126 non
770 2063 885 2125 care're
910 2059 1012 2144 vulgo
1032 2057 1220 2122 credebant
1241 2076 1299 2120 an-

142 2183 239 2265 tiqui,
274 2190 443 2265 quatenus
478 2183 631 2246 omnium
664 2202 776 2246 rerum
808 2181 912 2245 finem
945 2200 1014 2244 non
1049 2199 1122 2242 esse
1154 2185 1300 2240 mortem

143 2302 388 2367 existimarent.
425 2303 527 2368 Cuius
558 2304 730 2387 opinionis
760 2304 852 2385 apud
884 2301 1067 2385 scriptores
1092 2307 1128 2364 et
1152 2298 1301 2363 Graecos

144 2429 178 2486 et
202 2423 377 2487 Romanos
402 2424 528 2507 ubique
551 2424 711 2508 leguntur
735 2423 903 2506 exempla.

176 2622 204 2691 1)
222 2623 256 2674 ci.
274 2624 352 2675 huius
369 2626 430 2676 libri
449 2633 529 2692 caput
548 2627 589 2676 111
609 2624 689 2692 (quae
708 2625 741 2676 de
760 2625 830 2676 Orco
851 2631 877 2675 et
896 2625 929 2675 de
947 2623 1046 2690 Elysiis
1063 2622 1134 2674 dicta
1152 2621 1234 2688 sunt).

177 2710 358 2762 Praemiorum
377 2713 406 2762 in
424 2713 508 2764 titulis
527 2729 583 2763 1111
602 2713 630 2764 fit
648 2713 762 2764 mentio:

145 2797 209 2848 Bch.
230 2809 313 2862 1233:
357 2798 425 2849 vivis
442 2800 470 2849 in
489 2800 595 2866 Elysiis.

353 2887 391 2937 sic
410 2887 536 2952 placitum
555 2895 595 2939 est
614 2887 683 2938 divis
702 2894 809 2938 aeterna
825 2887 914 2937 vivere
933 2885 1024 2950 forma,

391 2974 437 3040 qui
455 2974 523 3024 bene
542 2975 574 3024 de
595 2990 691 3039 supero
710 2973 819 3024 numine
837 2973 871 3024 sit
889 2972 1004 3023 meritus.

146 3059 209 3110 Bch.
227 3068 295 3126 435:
357 3059 386 3109 hi
405 3068 495 3110 sancte
515 3061 619 3112 coluere
638 3061 702 3112 deos
720 3061 861 3127 vixereque
879 3059 1000 3125 honeste,

354 3153 415 3211 post
432 3148 535 3198 obitum
555 3148 660 3213 Elysios
678 3153 708 3197 ut
725 3154 835 3213 possent
853 3148 936 3197 visere
955 3161 1071 3211 campos.

145 3231 208 3283 Bch.
228 3241 288 3299 515.
301 3245 329 3284 1:
354 3233 454 3299 profuit
472 3250 506 3284 en
525 3235 584 3299 ribi,
602 3241 668 3301 quot
686 3235 735 3303 (sie
743 3234 762 3302 l)
780 3234 842 3285 iana
861 3233 968 3284 coluisti
988 3233 1105 3282 deorum.

300 3328 328 3386 5:
357 3336 428 3371 nunc
447 3337 555 3387 campos
574 3322 639 3372 colis
658 3322 764 3387 Elysios
781 3321 929 3387 herbasque
948 3321 1074 3372 virentes.

148 3411 281 3471 praeterea
306 3407 370 3458 Bch.
391 3420 453 3476 394,
471 3422 534 3476 991,
558 3421 620 3475 991,
648 3421 730 3477 1311,
758 3419 835 3475 1647,
861 3406 938 3473 1648,
961 3407 1039 3473 1161,
1061 3416 1138 3471 1173.
1158 3406 1192 3455 Α.
1202 3406 1230 3455 Ρ.
1249 3405 1302 3454 VII

151 3502 211 3559 545,
230 3493 292 3558 690.
312 3495 365 3545 Kb.
386 3497 448 3561 569.
466 3495 561 3546 Rohde
579 3496 597 3546 1.
605 3496 623 3547 l.
643 3495 692 3546 11³
710 3512 737 3561 p.
757 3496 809 3560 369
829 3511 888 3562 sqq.

176 3581 278 3630 Poenae
304 3581 386 3632 rarius
404 3589 587 3633 memorantur.
606 3582 640 3634 ei.
660 3582 816 3633 Rohde1.1.
836 3582 925 3648 11³1).
947 3580 998 3646 381
1017 3581 1106 3631 adnot.
1125 3582 1157 3632 6:
1178 3581 1224 3646 „In
1245 3579 1297 3630 den

149 3666 361 3732 „Grabschrilten
388 3668 418 3736 (i.
429 3685 452 3720 e.
481 3669 508 3718 in
534 3669 618 3720 titulis
642 3670 762 3735 Graecis)
780 3670 815 3719 ist
833 3668 903 3720 wohl
922 3670 966 3719 nie
984 3685 1037 3718 von
1057 3668 1109 3718 den
1128 3667 1232 3718 Stralen
1250 3666 1297 3716 der

151 3749 267 3819 ,ὶσίβίῗς
284 3755 327 3806 die
346 3755 428 3806 Rede.
449 3757 525 3806 Auch
543 3757 572 3806 in
591 3756 701 3807 Anthol.
716 3757 772 3808 ,vn
790 3756 868 3806 haum
884 3755 978 3820 jemals
995 3758 1095 3820 (377.7
1115 3752 1301 3820 f.Ery1‹i0s)’'.

148 3839 536 3910 cthln749(csrm.Christ):

488 3927 1298 3998 uullopoenarnmteloceditinent(sicl)horrendaegehennae

230 4014 296 4082 (Kb.
315 4015 380 4083 367)
494 4033 509 4066 1
528 4016 588 4085 deo,
607 4017 733 4084 Macrino,
752 4017 819 4067 vivis
838 4032 941 4082 semper
958 4017 986 4067 in
1005 4015 1112 4066 nomine
1131 4014 1238 4065 Christi.

150 4101 383 4155 Dubitantechh.
396 4115 477 4168 1031:
497 4103 520 4153 si
539 4119 591 4170 qua
610 4111 717 4154 manent
735 4104 815 4154 obitis
833 4104 902 4154 vitae
922 4103 979 4154 sine
998 4102 1088 4153 fraude
1107 4108 1227 4168 peractae

536 4192 651 4257 praemis
669 4192 718 4242 sub
737 4192 822 4259 terris,
841 4191 905 4242 haec
925 4191 1066 4256 Amaryllis
1085 4189 1174 4240 hebet.

285 4276 348 4328 Bch.
369 4288 451 4342 1117:
497 4278 520 4328 si
540 4278 625 4345 pietus
643 4278 751 4344 prodest
770 4279 897 4345 quiquam
914 4277 1001 4345 (sict),
1021 4276 1118 4327 vixisse
1127 4269 1261 4343 modeste,'

535 4381 582 4415 vos
603 4381 731 4431 precoro
750 4367 852 4433 Manes,
870 4365 905 4415 sit
921 4364 986 4415 mihi
1005 4371 1074 4414 terrn
1093 4363 1167 4413 levis.

153 4447 184 4501 cl.
202 4451 256 4501 Kb.
276 4459 342 4517 215:
379 4447 402 4497 el
419 4446 448 4498 δέ
465 4466 507 4508 τις
524 4449 549 4498 iv
567 4447 693 4512 φθιμένοις
710 4449 789 4514 κρίσις
806 4448 838 4508 ὥς
855 4451 932 4512 λόγος
949 4447 1018 4512 ἀμφὶ
1035 4446 1164 4499 θανόντων.

291 4536 340 4600 48:
377 4537 445 4585 narb
462 4537 511 4599 γῆς
529 4533 596 4599 ὅπερ
614 4538 736 4600 χρηστοῖς
753 4535 830 4602 γέρας
849 4534 930 4587 ἔστιν.

293 4625 342 4676 61:
378 4620 401 4671 sl
418 4619 447 4671 δέ
464 4639 504 4680 τις
521 4620 641 4684 εὐσεβίας
659 4625 726 4687 παρὰ
744 4624 897 4687 Περσεφόνῃ
915 4621 992 4686 χάρις
1010 4619 1090 4673 ἐστίν.

157 4713 343 4778 competentur
354 4711 408 4762 Kb.
419 4721 480 4778 159,
491 4712 523 4761 Α.
533 4711 563 4760 Ρ.
572 4711 624 4762 VII
634 4711 703 4781 6585
714 4713 833 4780 Euripid.
844 4713 904 4764 Alc.
914 4720 976 4778 745,
986 4712 1067 4763 Herc.
1078 4711 1138 4762 Fur.
1148 4710 1182 4777 65
1186 4710 1300 4778 5-676,

157 4798 248 4852 llelen.
271 4812 346 4865 1013.
