3134 5476
707 358 766 423 ¹03

158 524 240 587 Bch.
258 542 336 607 103:
505 531 603 608 pater
627 524 709 587 mihi
733 522 814 586 iecit
837 522 930 604 quod
955 540 1020 602 ego
1043 518 1132 602 patri
1156 516 1270 580 debui.

157 645 239 708 Bch.
252 646 334 709 818:
502 644 589 708 filius
613 645 703 708 hunc
727 643 863 707 titulum
883 641 1033 706 debebat
1054 658 1181 723 ponere
1195 637 1304 701 matri.

157 764 239 829 Bch.
254 766 318 849 819
331 766 385 849 (=
397 766 488 850 5567:
503 765 622 829 debuit
640 765 695 828 hic
714 772 794 828 ante
815 765 955 827 miseros
967 760 1110 845 sepelire
1123 765 1292 843 parentes.

156 885 238 950 Bch.
251 887 334 971 976:
500 886 619 950 debuit
629 885 712 950 haec
720 893 844 968 gnatae
854 884 964 968 pietas
972 889 1145 966 praestare
1154 878 1304 963 parenti:

545 1027 633 1070 nunc
659 1014 756 1090 pater
781 1006 835 1069 hic
859 1013 983 1088 gnatae
1007 1002 1158 1085 iungitur
1180 1001 1303 1065 offici0.

153 1126 284 1193 Similia
308 1128 389 1192 Bch.
415 1129 490 1205 822,
520 1142 614 1210 1050,
639 1146 733 1211 1149,
758 1141 851 1209 1150,
877 1135 1194 1207 1151,1153,1155,
1213 1119 1307 1202 1156,

227 1265 320 1324 1200,
350 1263 444 1331 1215,
473 1262 567 1330 1405,
597 1248 691 1327 1484,
721 1248 815 1329 1485,
845 1246 938 1326 1486,
967 1258 1061 1326 1534,
1091 1242 1184 1323 1546,
1213 1240 1306 1325 1796.

199 1367 331 1451 Quibus
373 1369 579 1434 carminibus
623 1368 780 1452 proxima
822 1376 856 1431 et
889 1372 1090 1448 argumento
1125 1362 1307 1426 coniuncta

151 1497 231 1553 sunt
254 1488 353 1554 talia:

152 1610 235 1673 Bch.
291 1629 353 1694 93:
378 1629 441 1674 nec
466 1607 596 1672 licitum
622 1615 674 1671 est
698 1607 820 1671 misera
839 1614 929 1670 sorte
952 1625 1005 1668 me
1026 1611 1064 1668 ut
1083 1622 1230 1686 aequom
1243 1600 1306 1665 suit

376 1731 459 1793 meis
484 1728 609 1792 referre
633 1727 854 1791 lacrumulam
878 1725 1087 1809 parentibus.

153 1850 234 1915 Bch.
270 1851 352 1931 456:
377 1850 470 1933 quod
494 1851 522 1912 si
545 1849 648 1931 longa
672 1849 779 1931 magis
803 1849 980 1912 duxissent
1004 1844 1060 1909 fila
1083 1865 1227 1920 3010103,

373 1971 514 2053 aequius
537 1970 601 2033 iste
626 1969 712 2052 lapis
736 1968 981 2052 complecteret
1004 1987 1080 2030 ossa
1104 1974 1256 2049 paterna.

152 2089 233 2155 Bch.
251 2104 351 2175 1057:
375 2090 494 2156 infelix
517 2091 662 2173 genitor,
686 2091 823 2173 gemina
846 2090 894 2154 sic
919 2098 1029 2153 morte
1053 2096 1191 2153 coactus

418 2231 439 2274 a
464 2211 553 2274 natis
576 2229 716 2293 sperans
740 2210 799 2292 qui
823 2210 920 2274 dedit
943 2210 1016 2294 ipse
1039 2229 1151 2291 rogos.

152 2341 187 2396 et
211 2332 293 2397 Bch.
320 2333 393 2416 376,
417 2348 493 2411 422.
514 2349 563 2407 11,
583 2344 660 2414 475,
680 2344 754 2412 521,
768 2347 842 2414 710,
860 2345 955 2415 1549,
973 2331 1057 2413 1569
1070 2328 1301 2412 (corruptum).

197 2451 456 2536 Comparentur,
480 2473 568 2535 quae
592 2454 683 2535 apud
710 2452 986 2518 Cholodniakum
1009 2450 1183 2534 leguntur:

153 2587 217 2658 372
242 2574 298 2657 (id.
311 2574 407 2657 633):
433 2594 499 2656 que
523 2573 613 2657 (sic!)
632 2575 660 2637 si
681 2574 783 2637 deum
804 2575 990 2657 propitium
1011 2572 1215 2648 habuissem,
1236 2571 1300 2636 hoc

474 2693 660 2758 debueram
684 2694 729 2758 ab
753 2715 812 2759 eos
835 2695 923 2779 (sic!)
948 2696 1030 2778 pati.

153 2815 383 2899 528(1ι1.529);
398 2815 490 2897 quod
500 2815 615 2878 decuit
625 2814 728 2878 filiam
741 2815 862 2893 iacere,
873 2815 983 2879 iecere
992 2823 1161 2899 parentes.
1171 2815 1212 2879 01.
1225 2829 1298 2896 522.

151 2934 220 2998 Kb.
238 2952 316 3019 190:
436 2931 495 2998 ἔδει
522 2957 565 3012 με
592 2937 716 3012 γονεῦσι
739 2931 833 2998 τίνειν
858 2932 978 3014 χιέριν.

150 3053 522 3134 A.P.V11261:1112‘c,>
549 3053 611 3136 γὰρ
636 3061 725 3133 οῆμον
752 3053 870 3137 Βιιίνορι
894 3054 1017 3135 χεύοιτο
1041 3055 1156 3137 μήτηρ·

483 3174 598 3256 ἔτρεπε
623 3175 649 3239 δ’
678 3178 712 3240 έκ
735 3175 844 3250 τοιιδός
868 3175 991 3257 μντέριι
1013 3177 1103 3242 τοῦδε
1125 3184 1250 3258 τυχεῖν.

149 3296 232 3360 ibid.
248 3298 328 3380 361:
438 3291 478 3361 νίι
498 3297 602 3378 antip
621 3296 691 3363 τόδε
712 3304 813 3377 οῆμον·
834 3297 868 3363 τὸ
882 3298 908 3362 δ’
924 3295 1065 3375 έμτιιλιν
1078 3291 1112 3371 ἦν
1125 3297 1159 3362 τὸ
1173 3296 1299 3363 δίιιιιιον.

150 3417 232 3481 ibid.
246 3434 330 3502 701:
444 3416 560 3501 (τοιτὶιο
585 3417 722 3482 οένέτεινε
745 3416 862 3504 τοίφον)
909 3411 927 3491 ἦ
950 3418 1013 3499 γὰρ
1038 3416 1123 3500 ἐῴκει

440 3535 509 3602 viia
534 3538 560 3602 oi
584 3537 677 3604 τίνειν
701 3544 808 3604 τοῦτον
833 3538 1081 3621 κατοιχομένῳ..
1107 3540 1149 3604 01.
1177 3554 1251 3625 547.
1264 3539 1286 3625 ¹)

196 3780 250 3842 Ex
281 3779 388 3843 titulis
418 3780 521 3863 igitur
551 3779 697 3847 laudatis
728 3803 864 3866 quoque
888 3792 1032 3866 apparet
1057 3792 1208 3850 mortuos
1233 3783 1297 3847 coli

149 3908 184 3965 et
208 3901 300 3983 quod
325 3902 365 3964 iis
389 3910 595 3984 potestatem
619 3923 692 3966 esse
716 3910 839 3987 putent
861 3911 897 3967 et
920 3905 1013 3986 quod
1039 3904 1167 3987 pietate
1191 3903 1297 3968 addu-

148 4030 268 4087 cantur
301 4025 508 4106 superstites,
541 4032 578 4088 ut
608 4025 672 4108 ipsi
703 4025 828 4089 mortui
859 4025 947 4089 bene
971 4047 1007 4089 se
1031 4025 1182 4091 habeant
1205 4033 1240 4089 et
1263 4027 1298 4089 in

149 4144 300 4207 omnium
336 4164 536 4227 superorum
560 4164 618 4209 ore
643 4146 712 4209 sint
735 4153 771 4210 et
794 4167 961 4224 sermone,
986 4147 1090 4230 idque
1115 4167 1217 4230 porro
1241 4155 1300 4211 aut

179 4433 205 4501 1)
224 4434 258 4484 01.
278 4436 310 4485 A.
322 4437 350 4486 P.
370 4437 422 4486 VH
441 4436 494 4487 228
513 4435 693 4502 (simillimum
712 4440 764 4489 Kb.
783 4437 863 4507 449):

357 4519 432 4584 Αὐτῷ
451 4519 494 4570 nai
511 4520 628 4572 τεκέεοοι
645 4523 749 4587 γννιιικί
763 4539 793 4572 τι
811 4521 910 4587 τύμβον
926 4521 1023 4586 ’ἔδειμεν

392 4601 547 4666 Ἀνδροτίων·
565 4603 632 4655 ον’τοι
650 4603 673 4654 δ’
690 4604 786 4665 οὐδενός
803 4605 854 4669 εἶμι
872 4604 961 4670 τάφος.

359 4685 424 4736 οῐίτοι
441 4685 485 4736 na?
501 4687 614 4749 μείναιμι
631 4690 709 4738 τέλνν
726 4691 822 4752 χρόνον·
841 4688 864 4738 εί
880 4686 903 4737 δ’
921 4687 969 4751 apa
986 4689 1029 4738 ιιοιῖ
1045 4688 1085 4739 δεῖ

392 4767 510 4833 δεξαίμην
527 4767 553 4820 έν
569 4767 626 4832 ἐμοὶ
643 4771 721 4830 τοδε
742 4770 919 4836 τροτέρονς
942 4771 1125 4836 προτέρους.
