3134 5476
699 375 740 442 54

142 542 184 606 cl.
209 541 424 607 Cholodniak
450 557 508 625 57:
544 543 638 606 cuius
670 542 808 625 spiritus
832 541 920 605 inter
943 542 1027 606 deos
1052 551 1211 627 receptus
1233 551 1294 621 est,

143 671 178 726 et
209 675 315 746 1075a
331 659 366 746 ¹).

186 903 292 987 Apud
329 902 477 967 Graecos
512 905 637 968 usitata
673 912 724 967 est
760 924 829 967 vox
864 902 969 984 ψυχή,
1005 925 1093 987 quae
1127 913 1298 987 quatenus

142 1025 346 1108 principium
371 1025 461 1088 vitae
484 1023 639 1089 animalis
664 1024 803 1101 indicat,
828 1045 906 1088 curn
931 1026 1056 1090 Latina
1078 1027 1193 1090 anima
1217 1047 1298 1091 con·

141 1146 248 1228 gruit;
285 1165 388 1228 quam
411 1152 526 1208 autem
551 1145 599 1208 ita
622 1165 658 1208 se
682 1144 809 1209 habere
834 1146 1003 1228 putabant
1027 1147 1061 1210 in
1085 1146 1235 1225 homine,
1260 1157 1299 1212 ut

141 1265 176 1329 in
201 1267 275 1349 ipsa
299 1275 408 1329 morte
433 1286 556 1349 corpus
576 1263 782 1347 relinqueret
795 1264 830 1349 ²).
852 1265 937 1330 Inde
958 1267 1051 1346 ψυχή
1071 1268 1105 1332 id
1127 1276 1188 1344 est,
1202 1269 1299 1350 quod

142 1407 162 1449 a
185 1406 327 1469 corpore
351 1385 531 1450 discedens
554 1392 632 1468 post
653 1393 798 1448 mortem
819 1395 983 1464 remanet,
1004 1396 1040 1452 et
1052 1388 1192 1471 quidem
1204 1389 1299 1472 apud

143 1505 332 1570 Homerum
363 1507 420 1583 ita,
445 1515 575 1570 utnon
600 1505 726 1569 habeat
750 1526 883 1589 corpus,
908 1508 968 1572 sed
994 1529 1195 1592 corpoream
1219 1510 1300 1573 reti-

142 1634 222 1690 neat
252 1628 414 1710 speciem.
447 1627 510 1690 Est
541 1626 643 1710 igitur
666 1623 790 1690 εἴδωλον
814 1626 924 1704 (Iliad.
951 1646 1099 1712 23.104:
1123 1628 1216 1710 ψυχὴ
1243 1627 1298 1694 real

141 1743 277 1831 εἴδωλον)
303 1754 337 1811 et
360 1748 452 1811 idem
476 1754 527 1810 est
550 1766 590 1810 ac
613 1747 738 1830 imago,
764 1747 884 1811 umbra
908 1747 962 1832 (cl.
986 1759 1002 1822 s
1026 1748 1070 1832 6).

142 1865 184 1930 ct'.
198 1865 242 1930 A.
258 1866 292 1929 P.
307 1866 375 1930 VII
387 1867 471 1948 486:
496 1863 609 1946 ψνχᾶιν
631 1865 839 1943 ἀγκαλέουσιν
862 1867 1047 1946 Φιλαινίδος,
1068 1864 1090 1932 ἃ
1111 1867 1166 1950 πρὸ
1180 1867 1299 1948 priuato

497 1986 620 2066 χλωρὸν
645 1986 719 2066 ὑπὲρ
743 1992 888 2064 ποταμοῦ
909 1987 1009 2068 χεῦμ’
1021 1988 1207 2071 Ἀχέροντος
1222 1988 1298 2069 ἔβιι.

144 2113 180 2168 et
204 2104 272 2168 Kb.
297 2106 332 2169 in
356 2105 524 2170 addendis
549 2121 628 2189 35a:
653 2106 745 2187 ψυχὴ
773 2106 897 2188 ιῖχετιιι
927 2109 969 2180 εἷς
998 2106 1103 2190 ἔρεβος
1120 2108 1155 2196 ³).

188 2224 394 2310 Saepissime
430 2248 511 2291 vero
546 2227 638 2307 ψυχή
675 2229 799 2293 dicitur
830 2229 969 2294 aethera
1000 2230 1055 2294 vel
1087 2231 1220 2296 caelum
1245 2231 1300 2296 vel

143 2345 331 2430 Olympum
367 2355 484 2430 petere
520 2356 556 2412 et
592 2349 655 2414 hac
688 2371 725 2414 re
760 2351 975 2433 potissimum
1007 2352 1052 2417 ab
1082 2354 1196 2416 anima
1229 2373 1298 2416 non

146 2467 329 2551 discrepat.

192 2586 435 2652 Conferantur:

146 2706 213 2770 Kb.
242 2724 305 2788 104
328 2707 444 2791 (aetat.
469 2707 601 2792 Rom.):

190 2826 279 2892 ιἰλιιᾶι
303 2827 346 2891 τὰ
370 2826 428 2906 μὲν
454 2828 511 2912 (sc.
535 2826 643 2914 ὀστέα)
667 2825 774 2894 κεύθει
799 2829 896 2909 μικρὰ
920 2827 1000 2901 κόνις
1026 2829 1275 2914 ἄμφιχνθεῑσιι,

343 2947 452 3029 ψυχὴν
476 2948 539 3014 δ’ἐκ
562 2948 683 3026 μελέων
707 2950 830 3031 οὐριινὸς
854 2951 941 3030 εὐρὺς
969 2947 1038 3033 ἔχει
1054 2949 1090 3038 ⁴).

146 3070 214 3135 Kb.
243 3085 305 3155 159
329 3078 526 3154 corruptum
550 3070 604 3154 (cf.
629 3071 696 3150 646
719 3072 753 3133 in
778 3070 888 3155 add.)=

146 3183 180 3262 ἧς
203 3189 260 3268 μὲν
281 3191 361 3268 σῶμ’
381 3189 422 3253 ἑνὶ
443 3196 487 3270 γῇ
507 3197 623 3262 κεῖτιιι,
646 3189 737 3270 ψυχὴ
758 3188 816 3253 δ’ἐν
830 3188 989 3269 Ὀλύμπῳ
1007 3191 1063 3275 (Α.
1078 3193 1114 3256 Ρ.
1128 3193 1196 3257 VII
1211 3193 1299 3278 362).

147 3312 215 3376 Kb.
241 3327 322 3395 225:
458 3311 551 3392 ψνχὶι
576 3308 738 3393 δίιὶθέριον
763 3309 896 3391 κιιτέχει
921 3310 1028 3377 πόλιν.

151 3509 372 3519 -----.-.-

181 3634 208 3703 1)
232 3636 265 3686 cf.
285 3637 386 3686 Dessau
405 3634 490 3701 8375:
511 3636 548 3686 ita
565 3644 593 3687 ut
611 3637 646 3687 ad
663 3638 798 3688 memorim
817 3637 893 3706 (sici)
912 3655 995 3689 meam
1015 3654 1062 3705 per
1080 3639 1198 3706 singulos
1217 3656 1301 3692 annos

147 3721 204 3771 sine
224 3722 305 3772 dubio
323 3722 411 3772 colant
430 3723 550 3788 spiritum
568 3740 662 3774 meum.

179 3808 208 3876 2)
235 3805 311 3869 ψυχή
338 3810 452 3860 hominis
480 3817 520 3860 est
547 3811 612 3861 alter
637 3828 686 3877 ego
710 3818 737 3862 et
759 3812 813 3878 ipsi
833 3813 938 3878 corpori
957 3814 1108 3881 opponitur,
1127 3814 1203 3865 utin
1222 3815 1301 3866 Iliad.

153 3907 213 3963 1.3,
230 3910 256 3959 4.
280 3896 419 3962 Relinquit
444 3904 531 3948 autem
555 3914 650 3965 corpus
675 3915 722 3965 per
747 3915 777 3950 os
795 3899 883 3968 (Iliad.
903 3913 928 3964 9.
939 3901 1012 3969 409),
1031 3917 1079 3967 per
1097 3901 1193 3951 vulnus
1210 3899 1302 3968 (Iliad.

153 3995 193 4045 14.
205 3980 266 4049 518,
288 3983 328 4033 16.
340 3984 412 4049 505).

180 4068 208 4137 3)
222 4070 255 4122 cf.
266 4070 395 4120 Plutarch.
407 4072 485 4122 Cous.
496 4072 529 4122 ad
539 4072 629 4138 Apoll.
641 4084 688 4136 34:
698 4072 781 4134 χῶρός
789 4089 830 4130 τις
838 4069 1056 4135 ἀποτεταγμένος,
1065 4070 1091 4121 ἓν
1102 4068 1120 4136 ρι’
1130 4071 1304 4136 διατρίβουσιν

148 4154 180 4203 αἱ
201 4152 297 4204 τούτων
323 4153 414 4217 ψυχαί
427 4156 475 4225 (sc.
494 4160 544 4205 τῶν
570 4155 699 4227 εὐσεβῶν).
719 4161 772 4210 Kb.
792 4172 859 4224 443:
886 4155 975 4219 ψυχαὶ
1001 4158 1050 4221 γὰρ
1069 4157 1148 4223 ζῶσιν
1165 4162 1216 4208 τῶν
1233 4158 1303 4224 ἄγαν

149 4238 270 4303 ριἰσεβένιν
298 4251 324 4295 et
352 4245 480 4310 permulta
506 4245 573 4312 loca,
596 4246 641 4296 ubi
659 4242 735 4307 ψνχνὶ
754 4246 908 4296 immortalis
928 4262 984 4296 esse
1004 4247 1112 4298 dicitur:
1132 4249 1304 4316 Pseudopho·

144 4330 247 4395 eylidea
271 4329 353 4397 (apud
379 4331 445 4397 ng.
471 4333 499 4382 P.
510 4333 541 4382 L.
552 4332 602 4382 G.³
619 4333 646 4382 11
666 4349 693 4399 p.
712 4333 777 4401 466)
801 4342 864 4399 105:
884 4329 971 4394 ψυχαὶ
987 4332 1037 4395 γὰρ
1055 4332 1188 4395 pipinum
1205 4333 1302 4399 ἀκήριοι

151 4412 176 4464 ιἰν
192 4413 351 4478 φθιμένοισιν.
370 4419 438 4469 Ibid.
460 4428 524 4485 115:
544 4415 618 4479 ψυχὴ
637 4415 784 4476 δ’ἀθάνιιτνς
801 4417 844 4468 nal
861 4417 958 4482 ἀγήρως
968 4417 1002 4484 ζῇ
1013 4417 1055 4469 διὰ
1065 4421 1166 4479 παντός.
1176 4425 1229 4474 Kb.
1241 4424 1304 4487 268,

151 4516 212 4571 320,
232 4505 314 4570 soah,
333 4515 393 4571 522,
412 4505 460 4569 651
482 4502 608 4573 (ἄιίζνιι),
626 4506 687 4573 653,
704 4507 765 4558 261.
782 4508 895 4573 Dionys.
905 4509 1040 4559 Halicarn.
1051 4510 1161 4561 Rhetor.
1170 4511 1196 4561 6.
1208 4520 1233 4578 5,
1242 4511 1304 4564 alia.

180 4589 210 4658 4)
238 4592 279 4641 De
307 4591 389 4641 forma
414 4593 536 4658 primaria
556 4592 645 4643 talium
664 4595 806 4645 carminum
825 4594 870 4663 (cf.
891 4596 1063 4661 Epicharmus
1081 4597 1153 4663 apud
1171 4597 1303 4651 Plutarch.

153 4677 233 4728 Cous.
261 4678 294 4727 ad
321 4678 411 4743 Apoll.
442 4692 488 4742 14:
516 4680 553 4741 γᾶ
571 4677 617 4738 μιν
635 4676 670 4736 εἷς
686 4682 744 4742 γιίν,
761 4682 860 4741 πνιῦμιι
878 4678 965 4749 δ’ἅννι)
984 4682 1085 4748 legatur
1104 4683 1239 4735 Dieterich
1257 4685 1304 4737 l.l.

153 4780 179 4830 p.
201 4778 252 4828 104
270 4772 297 4816 et
315 4765 416 4816 adnott.
438 4779 512 4834 1,2;
532 4783 559 4832 p.
582 4768 631 4818 106
652 4774 678 4820 et
696 4767 786 4822 adnot.
808 4780 830 4822 1.
1290 4800 1292 4805 -
