3134 5476
851 369 872 432 6

287 575 398 636 neque
429 553 600 617 doctiores
631 552 786 616 homines
810 552 910 636 periti
934 573 1069 636 semper
1092 561 1181 628 sunt,
1205 555 1263 636 qui
1288 555 1439 636 cogitata

286 695 347 738 sua
366 673 517 738 versibus
537 672 721 756 proferant.
743 674 818 735 Iure
831 673 933 755 igitur
946 673 979 735 in
993 691 1110 736 eorum
1124 673 1236 736 tontes
1249 674 1437 756 inquiritur.

332 792 497 858 Kaibelus
527 793 561 856 in
590 793 739 857 Hermae
763 792 829 856 vol.
855 792 993 856 XXXV
1018 815 1050 877 p.
1078 794 1138 877 567
1164 815 1239 876 sqq.
1267 795 1438 858 Romano-

287 935 360 978 rum
381 912 557 977 titulorum
577 912 817 996 sepulcralium
837 921 970 996 partem
992 921 1026 976 et
1046 936 1081 977 re
1099 921 1133 977 et
1147 913 1286 978 formae
1300 914 1439 979 Graecis

287 1032 452 1116 exemplis
490 1031 646 1097 haustam
686 1053 759 1096 esse
795 1034 863 1097 iam
895 1033 1062 1110 ostendit3
1096 1035 1189 1116 quod
1224 1034 1373 1118 probans
1404 1035 1437 1097 in

287 1154 528 1237 disputationis
548 1152 760 1236 praefatione
781 1153 894 1217 Bruno
917 1154 996 1217 Lier
1009 1153 1243 1237 exemplisque
1257 1154 1437 1231 illustrans,

285 1274 334 1336 ita
346 1271 536 1336 concludit:
554 1271 627 1353 „Ac
641 1273 818 1355 primarius
831 1273 1007 1336 titulorum
1020 1274 1202 1338 latinorum
1215 1275 1291 1339 fons
1304 1275 1439 1339 suerunt

288 1393 494 1458 Graecorum
520 1392 609 1456 tituli
633 1401 669 1457 et
693 1394 941 1476 epigrammata
965 1395 1187 1478 sepulcralia”
1202 1393 1235 1478 ¹).

332 1513 409 1577 Hoc
438 1514 562 1597 partim
594 1533 712 1577 verum
744 1514 935 1590 arbitratus,
960 1516 994 1578 in
1019 1515 1259 1599 investigando
1282 1537 1370 1598 quae
1395 1516 1438 1579 de

287 1641 499 1697 mortuorum
523 1634 726 1698 condicione
751 1633 899 1698 doceant
923 1635 1074 1698 carmina
1096 1635 1298 1718 sepulcralia
1320 1634 1436 1712 latina,

286 1772 421 1835 semper
453 1751 581 1816 contuli
614 1754 861 1835 epigrammata
892 1774 1031 1835 graeca,
1062 1755 1228 1837 imprimis
1259 1775 1317 1831 ea,
1350 1776 1438 1839 quae

287 1870 424 1954 collegit
456 1871 621 1936 Kaibelus
630 1871 658 1956 ²)
689 1879 723 1936 et
748 1893 835 1954 quae
861 1873 895 1937 in
918 1872 1151 1957 Anthologiae
1177 1874 1327 1939 Graecae
1352 1876 1439 1939 libro

287 1993 435 2077 septimo
467 1992 592 2057 collata
622 2000 701 2056 sunt
711 1989 748 2076 ³),
780 2014 848 2076 qua
872 1993 1055 2058 collatione
1079 1994 1261 2059 latinorum
1286 2004 1321 2059 et
1345 2016 1439 2078 grae-

287 2133 403 2177 corum
435 2115 623 2178 carminum
655 2114 847 2197 apparebit,
872 2115 1046 2178 Romanos
1071 2116 1142 2179 sine
1166 2115 1235 2179 ullo
1260 2116 1365 2180 dubio
1389 2137 1440 2180 se·

289 2232 488 2317 pulcralium
521 2234 707 2299 carminum
741 2242 776 2298 et
807 2234 950 2299 formam
975 2243 1010 2299 et
1033 2256 1104 2299 rem
1130 2258 1150 2300 a
1174 2236 1313 2301 Graecis
1337 2256 1439 2319 saepe

291 2361 463 2419 mutuatos
487 2374 560 2417 esse
570 2352 608 2437 4).

328 2705 354 2773 1)
372 2707 480 2756 Rectius
500 2707 604 2773 dicitur,
623 2707 645 2756 si
664 2706 769 2755 omittas
788 2722 888 2772 vocem,
908 2713 1031 2770 quaeest
1051 2707 1197 2773 primarius,
1217 2708 1253 2757 ita
1270 2714 1367 2756 utnon
1384 2707 1437 2756 sint

292 2794 351 2844 fons
380 2794 526 2858 primarius,
554 2793 600 2843 sed
628 2808 695 2842 unus
723 2808 756 2841 ex
780 2792 868 2842 multis
892 2793 1024 2857 variisque
1050 2793 1177 2843 sontibus.
1203 2795 1245 2844 Sic
1270 2795 1332 2842 item
1357 2794 1436 2843 nimis

287 2881 410 2931 audacter
433 2880 532 2931 dictum
556 2880 669 2945 ridetur,
693 2895 761 2943 quae
786 2879 877 2929 eadem
901 2879 1025 2944 leguntur
1043 2881 1154 2945 pagina:
1175 2898 1207 2945 „a
1225 2880 1361 2931 nonnullis
1380 2897 1437 2930 eru-

290 2968 367 3034 „ditis
385 2967 545 3033 hominibus,
567 2967 614 3032 qui
632 2967 731 3032 graecis
750 2967 890 3017 utebantur
908 2966 1036 3034 fontibus,
1056 2967 1145 3017 titulos
1164 2969 1192 3017 in
1211 2968 1349 3018 defunctos
1368 2983 1438 3017 com-

289 3057 409 3122 „positos
427 3069 499 3120 esse3
517 3055 546 3104 hi
563 3054 740 3104 monumentis
756 3054 833 3103 incisi
850 3062 875 3103 et
891 3055 919 3103 in
934 3054 1000 3104 locis
1017 3055 1131 3120 publicis
1148 3056 1282 3106 funeribus
1298 3055 1436 3105 destinatis

288 3143 421 3209 „omnium
446 3141 528 3191 oculis
554 3141 666 3192 subiecti
689 3142 723 3191 ab
751 3141 810 3190 aliis
835 3156 927 3205 parum
950 3141 1059 3190 eruditis
1079 3143 1241 3208 transscripti
1260 3142 1347 3192 sunt.’'
1366 3142 1437 3193 unde

287 3230 432 3282 cavendum
457 3242 505 3296 est,
531 3244 564 3279 ne
590 3228 722 3278 derivetur
741 3228 843 3277 nullum
862 3244 979 3293 unquam
997 3229 1146 3279 Romanum
1165 3229 1303 3291 eruditum,
1322 3237 1437 3294 praeter-

285 3318 371 3367 missis
387 3317 546 3367 carminibus
563 3316 679 3379 Graecis‚
695 3331 798 3364 carmen
814 3314 960 3379 sepulcrale
976 3316 1155 3380 composuisse
1171 3315 1310 3365 autminus
1320 3314 1436 3365 eruditos

286 3422 389 3470 semper
406 3421 437 3455 ea
456 3404 672 3468 transscripsisse.
691 3403 725 3452 cs.
744 3403 839 3452 Plessis
858 3403 876 3451 l.
887 3402 904 3452 l.
924 3417 951 3466 p.
968 3403 1059 3452 XXVI
1075 3402 1164 3451 adnot.
1184 3414 1212 3452 1:
1230 3403 1297 3466 „Les
1314 3402 1437 3451 Carmina

287 3492 483 3557 „Epigraphica
507 3491 569 3541 n'en
595 3496 693 3540 restent
719 3506 766 3555 pas
791 3490 876 3539 moins
896 3489 947 3539 tres
966 3496 1078 3539 souvent
1097 3490 1143 3539 des
1164 3487 1272 3553 poemes
1291 3488 1437 3554 originaux,

287 3585 330 3644 „et
348 3579 368 3628 il
386 3595 420 3628 ue
439 3579 517 3628 serait
537 3593 584 3643 pas
604 3577 664 3642 plus
682 3576 738 3626 vrai
756 3576 789 3627 de
807 3576 846 3626 les
864 3591 982 3625 ramener
1001 3583 1058 3625 tous
1077 3576 1092 3625 a
1108 3591 1159 3625 une
1175 3577 1259 3625 meme
1275 3591 1365 3625 source
1384 3591 1436 3640 que

288 3666 337 3731 „de
356 3666 411 3715 dire
430 3665 511 3730 qu’ils
530 3672 577 3714 ont
596 3671 654 3714 tous
673 3664 714 3713 ete
733 3664 870 3728 composes
890 3664 922 3713 de
941 3663 967 3713 la
984 3665 1067 3713 mtme
1085 3663 1226 3714 maniere.'’

323 3752 351 3820 2)
376 3753 571 3818 Epigrammata
596 3752 693 3802 Graeca
718 3768 750 3802 ex
774 3751 909 3817 lapidibus
934 3751 1053 3802 conlecta
1077 3752 1118 3802 ed.
1144 3752 1177 3802 G.
1196 3751 1300 3802 Kaibel.
1318 3750 1436 3801 Berolini

286 3839 358 3903 apud
376 3839 410 3889 G.
429 3839 534 3888 Reimer
556 3838 632 3902 1878.
651 3838 724 3904 Siglo
744 3839 798 3888 Kb.
818 3838 985 3888 indicabitur.
1092 3905 1096 3912 Ι

323 3925 351 3992 3)
376 3925 539 3991 Anthologia
565 3925 664 3975 Graeca
690 3925 905 3990 epigrammatum
929 3925 1049 3976 Palatina
1067 3942 1125 3975 cum
1144 3924 1277 3975 Planudea
1293 3924 1335 3974 ed.
1354 3925 1435 3989 Hugo

286 4011 478 4062 Stadtmueller.
498 4012 558 4062 Vol.
577 4012 604 4062 II
624 4028 684 4076 pars
699 4012 772 4076 prior
787 4011 922 4062 Palatinae
937 4011 1033 4061 librum
1050 4013 1102 4063 VII
1117 4012 1267 4062 Planudeae
1282 4012 1378 4061 librum
1393 4012 1434 4061 ΙΙΙ

284 4098 431 4147 continens.
460 4098 568 4163 Lipsiae
593 4098 621 4147 in
640 4097 749 4150 aedibus
768 4099 900 4148 Teubneri
922 4098 989 4162 1899
1008 4097 1121 4165 (Siglum
1140 4099 1189 4149 erit
1209 4097 1295 4165 A.P.)
1314 4097 1346 4148 ct‘.
1366 4114 1434 4162 quae

285 4184 420 4235 adnotavit
439 4186 469 4235 B.
485 4184 547 4234 Lier
562 4201 589 4250 p.
607 4184 623 4234 8
638 4184 728 4235 adnot.
742 4199 770 4234 1:
791 4186 1002 4251 „Epigrammata
1011 4184 1167 4250 sepulcralia
1177 4185 1354 4250 Anthologiae
1364 4184 1434 4233 idem

286 4271 390 4336 „valent
408 4288 439 4322 ac
458 4272 529 4322 tituli
547 4272 681 4338 lapidibus
699 4272 791 4338 incisi;
811 4289 871 4323 nam
890 4272 1068 4337 Anthologiae
1088 4273 1202 4322 carmina
1218 4273 1313 4337 partim
1328 4271 1433 4321 illorum

286 4359 463 4424 „exemplaria
482 4366 552 4426 sunt,
571 4360 666 4424 partim
685 4375 717 4410 ex
735 4359 789 4409 illis
807 4359 891 4409 titulis
911 4359 1057 4409 imitatione
1076 4358 1226 4425 expressa.’'

320 4445 350 4513 4)
374 4446 407 4496 cf.
427 4446 522 4496 Plessis
540 4446 558 4496 1.
574 4446 592 4496 l.
619 4463 645 4511 p.
671 4447 762 4496 XXVI
787 4446 876 4496 adnot.
890 4459 918 4495 1:
946 4445 1070 4511 „Comme
1088 4446 1115 4495 la
1133 4446 1278 4497 litterature
1297 4445 1379 4496 latine
1398 4461 1431 4494 en

286 4533 418 4600 „general7
438 4533 465 4582 la
483 4533 574 4599 poesie
593 4533 723 4584 funeraire
742 4549 758 4582 a
776 4548 863 4582 connu
883 4531 1031 4582 l'influence
1050 4548 1173 4597 grecque.
1193 4531 1279 4596 Qu'ils
1298 4547 1326 4582 se
1345 4530 1431 4590 soient

286 4619 442 4685 „introduits
466 4619 482 4668 a
503 4619 588 4668 Rome
612 4635 659 4685 par
682 4620 708 4669 la
733 4618 932 4669 Grande-Grece
959 4634 992 4668 ou
1018 4619 1050 4668 de
1071 4627 1142 4669 toute
1161 4626 1233 4668 autre
1251 4618 1376 4684 maniere,
1394 4633 1430 4667 un

287 4706 386 4772 „grand
410 4707 519 4756 nombre
544 4707 577 4756 de
602 4723 644 4756 ces
664 4705 763 4756 themes
782 4714 828 4756 ont
846 4721 898 4756 une
918 4706 1019 4772 origine
1040 4713 1186 4757 nettement
1204 4703 1381 4772 hellenique,‘’
1402 4711 1429 4754 et

284 4809 352 4860 quae
370 4801 523 4859 sequuntur.
