3134 5476
625 1289 848 1388 CAPUT
875 1292 940 1386 ΙΙΙ

212 1480 288 1544 QUO
301 1481 590 1549 INVESTIGATUR,
605 1486 671 1540 UBI
682 1485 741 1538 sn*
752 1486 857 1550 QUOD
870 1486 961 1538 POST
975 1485 1138 1537 MORTEM
1151 1482 1348 1534 REMANET.

250 1862 266 1925 s
295 1869 321 1916 1.
346 1852 447 1918 Certa
470 1861 505 1918 et
525 1855 705 1939 perspicua
725 1857 856 1921 ratione
876 1856 960 1921 nihil
980 1855 1049 1920 sere
1061 1855 1126 1920 sibi
1139 1854 1354 1939 proposuisse

204 1973 367 2055 antiquos
398 1994 526 2052 eorum,
562 1997 649 2059 quae
684 1975 727 2040 ad
764 1985 910 2041 mortem
940 1977 1124 2060 pertinent,
1156 1995 1258 2058 supra
1289 1973 1356 2037 iam

207 2094 337 2159 dictum
373 2102 435 2171 est,
467 2116 577 2179 neque
601 2095 754 2161 locorum
778 2105 856 2182 post
880 2105 1026 2161 mortem
1050 2096 1094 2161 ab
1119 2095 1358 2159 defunctorum

205 2215 328 2279 animis
363 2215 594 2281 habitatorum
626 2227 806 2302 perceptas
838 2218 922 2283 ullas
946 2217 1138 2282 habuerunt
1161 2215 1358 2280 sententias.

208 2335 305 2398 Duae
329 2344 444 2401 autem
469 2337 512 2401 ab
536 2338 638 2402 variis
658 2338 748 2402 haud
770 2337 905 2403 difficile
919 2338 1157 2402 discernuntur
1169 2335 1358 2411 sententiis,

207 2475 294 2539 quae
318 2455 487 2539 prioribus
505 2465 540 2522 et
563 2458 808 2541 posterioribus
828 2458 1041 2542 temporibus
1062 2457 1096 2520 in
1117 2455 1173 2520 illa
1186 2477 1221 2520 re
1235 2455 1360 2539 partim

208 2575 351 2640 Homeri
375 2584 479 2660 atque
504 2578 647 2643 Hesiodi
672 2586 851 2662 po'etarum
871 2579 1085 2654 auctoritate,
1106 2577 1229 2661 partim
1251 2574 1360 2658 philo·

207 2697 392 2780 sophorum
417 2698 657 2763 nonnullorum
681 2699 896 2782 potissimum
920 2699 1068 2763 inventis
1093 2718 1161 2761 non
1182 2696 1357 2761 minimam

207 2837 342 2901 semper
365 2817 539 2884 habebant
563 2819 642 2896 vim,
667 2818 801 2884 illorum
825 2819 964 2903 quidem
987 2819 1047 2883 sub
1067 2830 1163 2884 terra
1182 2836 1357 2880 remanere

208 2938 348 3016 animas,
373 2937 494 3004 horum
518 2941 661 3006 incaelo
684 2941 809 3005 versari
834 2961 893 3005 eos
916 2940 1157 3005 dictitantium.

254 3056 321 3141 Qui
344 3067 460 3125 autem
482 3061 545 3125 sub
569 3068 659 3125 terra
682 3061 837 3126 habitare
857 3068 1010 3125 mortuos
1029 3067 1200 3144 putarent,
1221 3079 1293 3122 rem
1314 3057 1361 3121 ita

208 3179 323 3244 animo
343 3181 584 3259 informabant,
610 3190 647 3246 ut
671 3191 730 3246 aut
742 3183 932 3246 animarum
945 3202 1088 3265 regnum
1101 3182 1134 3245 in
1148 3179 1363 3245 inferioribus

209 3305 318 3364 terrae
354 3301 508 3383 partibus
539 3323 612 3366 esse
645 3302 813 3386 fingerent
843 3310 902 3366 aut
926 3321 1034 3386 prope
1059 3300 1214 3385 sepulcra
1237 3298 1363 3363 versari

210 3420 340 3484 animas
364 3423 726 3500 existimarent,unde
751 3424 861 3488 cultus
885 3425 1074 3487 animarum
1096 3421 1269 3505 proiectus
1289 3439 1363 3483 esse

211 3542 343 3606 dicitur.
380 3542 585 3628 Saepissime
622 3565 711 3621 vem,
746 3553 783 3608 ut
815 3545 849 3608 in
873 3544 933 3609 tali
958 3566 993 3609 re
1018 3544 1090 3607 fieri
1114 3542 1212 3618 solet,
1238 3541 1360 3605 mirum

210 3670 376 3745 quantum
400 3664 489 3728 inter
510 3684 546 3727 se
570 3664 824 3743 confunduntur
847 3665 1038 3730 sententiae
1062 3664 1217 3727 diversae
1230 3659 1263 3746 ¹).

256 3913 272 3976 s
297 3920 327 3966 2.
351 3902 608 3987 Antiquissimis
632 3906 844 3990 temporibus
867 3906 956 3970 inter
975 3905 1125 3970 Graecos
1145 3904 1359 3987 potissimum

213 4022 324 4099 fuisse,
360 4025 419 4106 qui
448 4024 566 4089 sedem
597 4034 807 4090 mortuorum
839 4046 907 4089 non
939 4025 1002 4089 sub
1034 4033 1134 4101 terra,
1166 4025 1225 4088 sed
1256 4035 1363 4108 supra

247 4346 274 4415 1)
292 4347 420 4414 Exempla
447 4347 500 4398 vid.
528 4347 600 4413 apud
623 4346 757 4397 Rohdium
775 4346 819 4397 i.l.
838 4346 882 4396 11³
901 4363 928 4412 p.
948 4346 1000 4410 366
1019 4346 1109 4396 adnot.
1132 4358 1143 4395 1
1165 4351 1192 4395 et
1209 4345 1281 4411 apud
1299 4347 1365 4396 Bue-

211 4435 344 4487 chelerum
362 4452 385 4487 e.
404 4452 442 4502 gr.

215 4521 279 4574 Bch.
298 4534 366 4586 434:
385 4537 455 4572 nunc
473 4536 535 4572 vero
553 4522 669 4572 infernas
688 4521 762 4572 sedes
782 4521 940 4571 Acherontis
955 4520 989 4570 ad
1006 4519 1090 4570 undas
1110 4526 1228 4584 tetraque
1248 4520 1367 4570 Tartarei

215 4625 262 4676 per
280 4610 365 4661 sidera
383 4610 464 4660 tendo
482 4609 621 4676 profundi:
640 4609 683 4660 hie
701 4626 758 4659 sum
777 4609 850 4675 situs,
868 4609 912 4658 hic
931 4624 976 4658 ero
995 4624 1105 4674 semper.

217 4697 250 4747 cf.
278 4710 340 4763 492,
366 4696 429 4762 498,
456 4696 532 4763 1061,
560 4694 636 4762 1188,
664 4706 741 4763 1257,
766 4706 826 4761 525.
845 4696 898 4765 Kb.
915 4705 982 4758 700:
1000 4695 1089 4755 κοῦφον
1106 4689 1179 4754 ’ἔχοις
1195 4691 1271 4755 γαίης
1288 4689 1364 4755 βάρος

218 4778 331 4843 moretur
348 4777 382 4829 ἐνὶ
399 4779 481 4844 χώρῳ.
499 4784 532 4833 A.
551 4785 579 4834 P.
599 4784 650 4833 VII
669 4796 713 4850 41,
732 4783 792 4850 260,
811 4796 872 4846 419.
892 4783 945 4833 Kb.
965 4793 1026 4848 252,
1046 4793 1106 4847 259.
