3134 5476
2 4962 119 5120 ι

796 370 856 433 128

293 553 561 638 comparentur:

247 674 511 758 A.P.VII33o:
535 670 591 736 σύν
616 695 653 735 τε
680 669 805 749 χννοιικὶ
830 668 1013 751 Κοιλιρτοδίρ
1036 668 1146 747 τεῦξεν
1169 666 1240 734 τάδε
1267 674 1357 746 σῆμοι

580 791 618 863 ὥς
642 788 693 855 ἵνοι
716 790 772 865 τὴν
798 793 933 873 στορχῆν
960 792 1015 868 κῆν
1038 789 1233 873 φθιμένοισιν
1258 787 1339 870 ἔχοι.

337 915 406 979 Κὴ.
430 915 510 997 516:
535 910 649 990 εὕξοιτο
669 911 697 976 δ’
717 906 758 977 οιῦ
781 910 960 993 μακάρεσσι
980 911 1033 977 xa)
1055 911 1203 993 εἱμερτὶιν
1215 907 1395 992 παράκοιτιν

581 1034 670 1099 τοῦδε
695 1042 813 1114 λοιχεῑν
837 1034 974 1114 τύμβον,
1000 1035 1115 1116 χήροιος
1141 1027 1212 1098 εὖτε
1236 1031 1343 1114 τύχοι.

324 1157 406 1221 ibid.
429 1171 493 1239 445
506 1182 513 1220 :
537 1154 596 1227 τάς
622 1152 726 1236 σάρονο
739 1193 783 1202 -
795 1154 941 1238 ἑκάτερθε
954 1195 998 1204 -
1011 1153 1138 1220 ἔκτισοιν
1150 1193 1195 1203 -
1208 1153 1322 1225 τοιΐδες

537 1274 675 1357 -άφριι
698 1274 840 1340 τέλοιντο
866 1275 951 1358 φίλῳ
978 1276 1064 1358 τάρά
1086 1274 1184 1357 τοιτρὶ
1209 1274 1365 1348 θανόντες.

248 1405 425 1480 praeterea
449 1396 517 1460 Kb.
544 1413 630 1481 297a
654 1399 688 1461 in
712 1398 818 1473 Add.,
837 1416 914 1481 491,
938 1398 1011 1482 576,
1035 1412 1115 1482 5903
1137 1399 1163 1463 I.
1178 1398 1218 1463 G.
1233 1398 1274 1461 R.
1290 1399 1305 1461 I
1321 1396 1395 1478 258;

248 1515 410 1600 Sophocl.
435 1517 553 1600 Antig.
578 1531 638 1601 73,
666 1518 820 1601 Euripid.
842 1517 928 1581 Hec.
951 1518 1033 1602 896,
1055 1518 1178 1583 Catull.
1202 1533 1230 1600 5.
1244 1518 1283 1594 6;
1298 1516 1395 1583 Ovid.

250 1638 391 1702 Metam.
414 1653 537 1720 4151.

293 1911 311 1994 5
334 1911 365 1974 6.
390 1911 482 1976 Cave
500 1911 646 1986 dubites,
661 1911 743 1993 quin
756 1919 791 1975 et
804 1912 895 1994 apud
910 1911 1085 1974 Romanos
1098 1919 1133 1975 et
1145 1911 1236 1994 apud
1252 1908 1398 1974 Graecos

248 2031 345 2095 multi
375 2039 488 2094 essent
519 2032 648 2106 incerti,
683 2032 765 2113 quid
798 2031 861 2096 hac
886 2034 929 2096 de
953 2052 988 2096 re
1012 2032 1196 2109 sentirent;
1222 2031 1397 2113 quisnam

248 2152 446 2234 opinionem
470 2151 504 2214 in
529 2151 635 2215 titulis
653 2160 688 2216 et
707 2152 740 2214 in
760 2152 853 2216 libris
873 2173 975 2236 saepe
989 2152 1215 2236 protulerunt.
1230 2149 1398 2233 Exempla

248 2272 484 2336 inveniuntur:

249 2392 331 2457 Bch.
350 2408 425 2476 179:
450 2393 543 2456 Bene
567 2393 776 2477 adquiescas,
801 2394 929 2472 Hilara,
953 2396 980 2459 si
1005 2395 1089 2479 quid
1113 2394 1251 2477 sapiunt
1276 2390 1383 2455 inseri.

249 2511 429 2577 Simillima
453 2512 533 2576 Bch.
564 2515 633 2588 180,
658 2514 734 2597 647,
764 2517 857 2598 1538.
904 2516 940 2581 C.
955 2516 981 2579 Ι.
994 2517 1036 2579 L.
1061 2515 1112 2580 VI
1138 2516 1258 2597 25489.

249 2631 290 2696 ci.
316 2634 446 2697 Dessau
472 2634 574 2696 8128:
599 2632 634 2698 Si
659 2636 751 2718 quod
776 2637 913 2719 sapiunt
937 2636 1045 2714 inseri,
1069 2636 1175 2701 have!
1200 2643 1235 2699 et
1260 2635 1358 2713 8404.

246 2751 328 2816 Bch.
363 2754 447 2833 428:
472 2753 499 2815 si
525 2754 661 2836 sapiunt
684 2754 813 2837 aliquid
836 2765 916 2838 post
940 2757 1059 2820 funera
1081 2757 1211 2821 Manes.

247 2871 329 2936 Bch.
346 2888 448 2956 1147:
472 2874 585 2956 siquid
611 2873 730 2938 Manes
754 2876 900 2958 sapiunt.

246 2992 448 3076 Bch.1339:
473 2995 578 3077 siquis
601 3003 680 3078 post
705 2994 824 3059 funera
847 3016 974 3061 sensus.

245 3112 445 3195 Bch.1552:
469 3116 497 3178 si
523 3124 601 3198 post
625 3116 695 3181 fata
719 3124 835 3181 manet
858 3138 986 3182 sensus.

245 3233 284 3297 In
320 3233 458 3299 Graecis
495 3237 700 3302 carminibus
735 3238 980 3321 sepulcralibus
1015 3240 1137 3303 eadem
1173 3238 1241 3301 iam
1276 3236 1401 3319 legitur

245 3356 417 3420 sententia
440 3377 612 3440 expressa,
637 3379 667 3423 e.
689 3380 739 3442 gr.
764 3361 856 3443 apud
882 3360 1065 3424 Kaibelum
1090 3375 1174 3443 700:

358 3475 435 3539 άλλ’
459 3474 488 3541 εἴ
511 3477 579 3554 χ’ἕν
602 3477 779 3558 Φάιμὲνοισί
807 3503 853 3551 τις
877 3478 1028 3559 οιῖσάιρσις,
1050 3478 1167 3552 τέκνον,
1193 3475 1290 3554 ἐστίν,

404 3602 519 3679 κοῦφον
545 3595 630 3678 ἔχοις
657 3599 752 3677 wine
779 3599 876 3682 βάρος
901 3599 1046 3678 εὐσεβιίρς
1072 3599 1113 3663 ἐνὶ
1138 3599 1239 3680 χώρῳ.

247 3727 282 3782 et
305 3718 430 3783 usitata
454 3727 506 3783 est
530 3719 691 3785 formula:
716 3720 742 3786 ei
768 3721 795 3786 δ’
819 3718 902 3785 ἔστιν
927 3719 1068 3795 οιῖσάιρσις
1097 3721 1128 3784 ἕν
1148 3718 1268 3783 Ἃιδου.

247 3839 473 3904 Conseruntur
497 3839 648 3924 Apolog.
674 3839 767 3906 Socr.
787 3842 892 3923 40D:
916 3839 978 3906 εἴτε
991 3838 1134 3919 μηδεμία
1149 3837 1292 3912 αἴσθησίς
1306 3837 1400 3915 ε’στιν,

244 3956 322 4020 ἀλλ’
357 3950 416 4021 οἷον
449 3954 552 4030 ὕπνος,
592 3969 626 4024 et
657 3962 854 4044 saepissime
886 3970 1038 4026 oratores
1069 3961 1178 4026 Attici
1194 3959 1234 4043 ¹):
1261 3959 1401 4023 Isocrat.

245 4076 439 4160 Aeginetic.
472 4096 535 4160 42:
573 4077 601 4142 ri
630 4079 679 4152 τίς
712 4081 796 4145 ε’στιν
823 4080 965 4156 uicinum
989 4088 1053 4153 τοῖς
1078 4081 1219 4146 τεθνεῶσι
1245 4079 1314 4159 περὶ
1342 4082 1401 4142 τῶν

248 4194 353 4260 ἐνθάδε
375 4198 579 4275 γιγνομὲνων.
600 4200 731 4266 Similia
751 4202 890 4266 Plataic.
911 4203 965 4278 61,
981 4204 1156 4286 Euagoras
1170 4218 1206 4279 23
1222 4202 1402 4284 Lycurgus

250 4325 370 4382 contra
393 4319 597 4383 Leocratem
620 4320 639 4403 ἓ
668 4323 728 4404 136
748 4342 776 4386 ο.
800 4337 850 4404 55.
873 4323 1124 4386 Demosthenes
1143 4330 1264 4386 contra
1285 4320 1402 4404 Lepti-

252 4457 330 4500 nem
354 4437 373 4520 ἓ
397 4440 454 4522 87:
478 4436 608 4513 οἵτινες
633 4441 749 4506 τούτων
772 4447 831 4506 τῶν
855 4441 1125 4518 τετελευτηκότων
1150 4440 1280 4520 λάβοιεν
1301 4440 1401 4523 τράτῳ

285 4777 311 4847 1)
329 4780 362 4830 ci.
382 4781 517 4831 Dieterich
534 4782 578 4833 l.1.
599 4800 625 4849 p.
649 4784 698 4849 136
717 4785 821 4852 (Lysias
840 4796 931 4838 contra
949 4789 1149 4841 Eratosthenem
1168 4789 1264 4858 5100).
