3134 5476
750 401 812 468 ¹23

203 562 365 643 gaudium
397 563 505 640 dolor,
528 565 638 647 gratia
661 566 799 643 invidia,
825 564 989 631 memoria
1012 564 1225 648 exspectatio
1248 584 1356 647 usque

205 701 341 764 quaque
364 683 486 747 animis
509 685 713 764 tribuuntur,
739 687 830 751 unde
853 694 998 769 apparet
1018 684 1125 748 vitam
1145 691 1357 748 mortuorum

205 801 256 865 sui
279 822 353 866 esse
376 804 548 868 consciam
571 808 725 884 sensisse,
749 807 807 891 qui
832 805 914 871 talia
937 804 1170 869 inscriberent.

252 922 422 1008 Exempla
445 925 550 990 assero
575 925 678 990 haec:

207 1042 289 1106 Bch.
318 1060 419 1127 1324:

274 1165 334 1229 sed
358 1167 450 1248 quod
474 1175 558 1251 aput
582 1168 703 1233 Manes
726 1188 843 1231 sensus
867 1167 969 1242 valet,
994 1166 1168 1249 impraeco
1192 1164 1269 1229 illae
1284 1162 1306 1248 ¹)

363 1295 571 1370 ereptaeque
595 1289 740 1365 animae,
764 1288 809 1352 sit
832 1307 968 1371 quoque
992 1295 1083 1351 terra
1105 1286 1200 1350 levis.

207 1406 251 1471 cs.
277 1406 344 1471 Kb.
370 1425 452 1492 334:

253 1527 279 1592 εἶ
303 1525 334 1592 δὲ
358 1528 463 1603 autin
482 1528 535 1593 riv
556 1528 629 1608 ἐμὸν
651 1525 752 1610 μόρον,
773 1522 794 1592 ὦ
819 1526 899 1605 ξένε,
921 1525 975 1592 xci
989 1526 1028 1592 ού
1043 1550 1085 1604 με
1098 1523 1232 1598 κλοιύοις
1250 1526 1309 1610 (sic
1320 1528 1342 1611 !)

298 1647 426 1729 στέρξω·
452 1647 504 1714 xci
532 1651 666 1732 θνήσκων
681 1648 705 1736 ²)
729 1649 792 1731 γὰρ
816 1647 881 1730 ἔχω
906 1646 970 1714 νόον
994 1646 1100 1714 οὔτινοι
1124 1644 1228 1726 βοιιὸν.

256 1769 382 1836 Gaudii
404 1780 482 1856 post
506 1780 653 1837 mortem
676 1774 832 1857 percepti
855 1772 894 1836 fit
918 1771 1050 1836 mentio

210 1891 292 1955 Bch.
340 1893 502 1974 588ziam
526 1894 635 1957 securi
657 1913 719 1958 suo
733 1890 756 1978 ³)
780 1894 929 1976 gaudete
953 1912 1093 1956 munere
1118 1891 1238 1955 Manes

434 2012 570 2095 Elysios
594 2035 655 2097 per
678 2034 819 2097 campos
841 2021 877 2077 et
900 2013 1013 2077 dulcia
1036 2020 1143 2096 prata·
1157 2018 1331 2094 vagantes.

210 2131 292 2195 Bch.
310 2147 410 2214 1250:
425 2133 506 2195 dum
520 2133 600 2209 vixi,
614 2133 718 2197 didici
733 2154 820 2216 quae
833 2154 934 2210 morS,
944 2153 1032 2216 quae
1041 2134 1112 2196 vita
1120 2132 1251 2195 homini
1262 2138 1363 2206 esset,

433 2261 572 2317 aeterna
596 2255 688 2318 unde
712 2254 847 2317 animae
871 2253 997 2336 gaudia
1021 2253 1184 2336 percipio

212 2373 254 2436 cf.
279 2372 471 2438 Christiana
493 2373 576 2438 Bch.
600 2374 677 2451 681,
703 2390 778 2459 702,
804 2388 879 2458 754.

258 2492 389 2558 Graeca
412 2502 508 2558 sunt:

214 2614 282 2677 Kb.
297 2615 382 2699 619:
406 2612 459 2676 nui
485 2621 637 2695 προχοαῖς
662 2613 763 2696 χοίρνο
790 2618 863 2685 ’τοῖς
889 2614 948 2678 ἆτ’
976 2613 1057 2690 ἕριῖον
1082 2609 1207 2692 ἑτοίροιν.

214 2735 282 2798 Kb.
299 2752 380 2816 240:
405 2732 469 2810 εἴνς
493 2757 538 2800 τοι
563 2735 738 2817 οὺμτοιτρί·
763 2733 959 2816 κεχαρμένος
972 2733 996 2819 ⁴)
1020 2731 1091 2815 ὄφρ’
1117 2730 1156 2798 ἂν
1180 2732 1211 2804 ἐς
1236 2732 1292 2796 οἰῶ

449 2855 634 2938 Σώστρατος
663 2857 694 2921 ἐν
717 2855 876 2938 Φθιμὲνοις
901 2856 1007 2937 μύριον
1032 2850 1115 2920 ιιῖνον
1140 2852 1224 2935 ἔχοι.

256 2976 476 3060 Aegritudine
497 2986 616 3043 contra
640 2987 675 3042 et
697 2979 810 3042 dolore
832 2979 920 3042 affici
945 2979 1104 3042 dicuntur
1129 2973 1311 3060 mortui:³)

211 3095 292 3159 Bch.
310 3112 410 3179 1305:
435 3097 482 3161 nil
508 3099 590 3162 mihi
614 3098 760 3163 Lethaei
783 3097 911 3181 profuit
936 3098 1045 3162 amnis
1068 3118 1176 3180 aqua:
1190 3095 1215 3181 ⁰)

430 3219 531 3283 durat
554 3227 589 3283 et
613 3218 736 3283 infixus
760 3227 877 3282 noster
900 3217 998 3283 dolor
1021 3218 1066 3282 ad
1086 3216 1204 3300 Stygis
1225 3216 1345 3280 undas.

214 3345 390 3421 praeterea
399 3338 740 3423 Bch.61o(Bch.1o85
753 3368 795 3394 =
810 3340 904 3417 1086;
915 3359 1061 3422 quaeror
1070 3367 1109 3394 =
1119 3358 1243 3421 queror
1251 3335 1287 3420 i),
1296 3348 1353 3418 105
1361 3348 1390 3418 5.

257 3458 459 3542 quibuscum
483 3459 627 3523 conferri
652 3459 772 3523 iubeo:

215 3578 285 3642 Kb.
314 3596 392 3659 144:
762 3577 815 3642 uui
841 3578 872 3642 ἔν
896 3575 1056 3659 φθιμένοις
1082 3576 1169 3655 μετὰ
1195 3574 1298 3652 trinus

414 3697 490 3776 εἰμι’,
516 3703 655 3764 λιτοῦοοι
678 3696 770 3764 τόοιν
796 3696 849 3763 uui
875 3697 971 3763 τέκνον
994 3721 1047 3777 μοι
1071 3697 1179 3781 Φίλιον.

250 3944 276 4013 1)
295 3945 313 3994 i.
323 3960 346 3995 e.
364 3944 495 4009 imprecor
513 3943 563 3995 illi.

245 4031 275 4100 2)
292 4027 399 4094 θνῄσκων
427 4047 474 4096 pro
503 4028 587 4080 taurin
613 4033 738 4082 Praesens
764 4046 812 4096 pro
831 4031 937 4081 Aoristo
956 4047 977 4082 s.
996 4031 1115 4082 Perfecto
1133 4047 1192 4081 raro
1209 4029 1314 4096 legitur.
1333 4027 1368 4079 ci.

216 4118 340 4185 Sophocl.
360 4118 455 4183 Oedip.
474 4119 536 4183 Tyr.
566 4117 624 4184 118,
643 4117 755 4168 Philoct.
780 4115 857 4185 1084,
885 4117 1007 4183 Euripid.
1025 4119 1093 4168 Hec.
1113 4116 1175 4182 695.
1194 4103 1369 4167 Meisterhens

218 4206 359 4256 Grammut.
378 4204 404 4257 d.
424 4204 618 4256 Att.1nschr.¹
637 4220 663 4269 p.
682 4218 736 4269 240
753 4204 767 4271 ξ
786 4204 854 4255 88.1
876 4211 901 4255 et
920 4205 1010 4255 adnot.
1032 4203 1099 4269 1879
1114 4203 1159 4271 (E.
1169 4205 1202 4254 A.
1222 4202 1370 4272 1884,65):

218 4287 310 4355 θνῇτκιι
326 4289 373 4339 xa!
386 4306 419 4352 με
435 4286 504 4352 χθὼν
521 4286 565 4346 iiie
583 4288 718 4339 καλύπτει.

247 4373 275 4441 3)
294 4374 411 4424 Adnotat
438 4373 627 4424 Buechelerns:
656 4373 840 4439 „memorabile
858 4389 906 4424 suo
925 4373 1073 4439 adpositum
1091 4389 1221 4440 personae
1241 4371 1373 4424 secundae

217 4469 246 4512 ut
263 4462 301 4522 τῷ
317 4456 410 4515 αὑτῶν,
427 4460 479 4510 nisi
498 4476 560 4510 vero
580 4453 628 4525 pro
646 4460 702 4510 eius
718 4460 736 4510 i.
752 4458 879 4526 genitoris
889 4460 989 4511 dictum
999 4459 1066 4511 est''.
1076 4461 1120 4511 An
1131 4459 1262 4511 indicatur
1273 4475 1377 4527 munus,

218 4546 290 4613 quod
309 4546 434 4597 Manibus
454 4546 580 4597 debetur?

245 4634 276 4702 4)
294 4634 336 4685 Cf.
354 4634 448 4699 Bailly.
469 4622 539 4684 Dict.
560 4633 787 4696 Grec-Francius⁴
808 4646 874 4699 1903
895 4650 916 4685 s.
927 4651 952 4686 v.
970 4631 1060 4695 χαίροι.

249 4719 277 4788 5)
296 4721 332 4770 At
350 4720 383 4770 cs.
403 4720 481 4770 buius
500 4721 561 4771 libri
580 4736 639 4785 cap.
658 4722 671 4771 Ι
691 4736 751 4786 pars
768 4721 782 4770 1
799 4719 813 4787 5
833 4732 858 4784 3.

246 4807 275 4875 6)
295 4806 335 4858 Cf.
354 4807 418 4858 Bcb
441 4807 524 4872 1187:
545 4808 627 4874 inque
646 4814 692 4858 tuo
712 4808 793 4859 tristis
811 4814 930 4860 versatur
949 4813 1055 4874 pectore
1075 4805 1168 4857 Lethe.
