3134 5476
833 370 895 456 136

284 552 367 619 Βοὴ.
405 551 485 638 576:
510 552 648 618 Donata
671 553 728 636 pia
751 553 840 617 iusta
862 550 948 628 vale,
972 569 1071 616 serva
1093 558 1171 616 tuos
1195 572 1325 618 omnes.

285 673 366 738 Bch.
385 688 485 739 1020:
509 673 553 738 sit
562 672 624 737 tibi
633 673 837 756 terraquies,
847 672 977 756 parcite
987 668 1053 755 ¹)et
1062 669 1265 758 ipsetu0s2).
1275 673 1438 758 Bch.383.

285 793 367 858 Bch.
385 793 488 874 1164:
513 793 557 857 Di
583 793 712 870 Manes,
738 813 856 858 manes
879 792 951 857 sitis
965 789 1000 876 ³).

329 1033 409 1098 Non
433 1031 584 1114 singulae
609 1041 818 1098 mortuorum
842 1031 976 1096 animae
996 1031 1164 1108 dicuntur,
1186 1033 1247 1096 sed
1267 1033 1303 1098 di
1322 1034 1441 1117 potius

286 1152 382 1218 inferi
406 1152 441 1216 in
466 1151 535 1216 his=

285 1271 367 1337 Bch.
383 1271 463 1354 546:
510 1270 630 1336 saltem
653 1273 747 1355 quod
771 1280 927 1356 superest
950 1292 1021 1348 oro,
1041 1272 1113 1337 scio
1135 1291 1284 1357 namque
1296 1273 1440 1352 favebis,

508 1389 611 1454 funde
642 1410 761 1474 preces
784 1391 841 1476 (sc.
866 1391 919 1455 dis
944 1390 1080 1476 inseris),
1105 1391 1263 1457 subolum
1284 1412 1324 1457 ac
1349 1394 1441 1458 votis

1180 1520 1278 1577 utere
1301 1513 1439 1591 nostris,
1477 1513 1479 1517 ⁴

507 1639 545 1696 ut
567 1629 707 1715 longum
731 1631 822 1696 vitae
846 1631 946 1697 liceat
970 1632 1188 1697 transducere
1211 1642 1359 1717 tempus.

285 1752 366 1818 Bch.
385 1752 469 1836 1036
492 1751 654 1836 (loquitur
678 1752 843 1835 mortual:

351 1873 387 1937 di
412 1871 542 1948 Manes,
567 1891 621 1935 me
645 1891 747 1935 unam
772 1871 925 1947 retinete,
949 1879 987 1935 ut
1010 1871 1126 1936 vivere
1151 1874 1282 1955 possint

394 2012 481 2075 quos
503 2012 638 2075 semper
662 1989 752 2056 colui
776 1991 855 2056 viva
880 1990 1007 2056 libente
1032 1992 1158 2057 animo.
1183 1993 1225 2058 cs.
1251 1994 1334 2060 Bch.
1363 2009 1438 2078 502.

285 2111 455 2196 Exempla
477 2113 511 2177 in
536 2110 643 2176 titulis
667 2111 806 2175 Graecis
830 2130 1002 2195 perpauca
1025 2111 1109 2176 mihi
1132 2113 1356 2181 innotuerunt
1368 2114 1405 2201 ⁴).

285 2232 327 2297 cs.
341 2232 410 2296 Kb.
425 2248 508 2315 243:
531 2227 616 2295 ἵλαθι
641 2228 696 2293 καί
719 2252 771 2306 μοι
796 2228 895 2312 ὄπαζε
920 2227 1013 2294 νόσων
1036 2229 1124 2312 ἄκος,
1148 2233 1187 2305 ὥς
1211 2234 1247 2299 τὸ
1273 2233 1428 2316 πάροιθεν,

597 2355 649 2416 νῦν
672 2348 735 2432 γὰρ
762 2349 912 2430 θειοτέρην
935 2358 1047 2432 μοῖραν
1071 2351 1158 2433 ἔχεις
1185 2352 1303 2432 βιότου.

283 2474 367 2539 Eius
401 2473 495 2538 modi
525 2473 696 2537 sententia
719 2474 754 2536 in
779 2471 971 2537 Christiana
995 2493 1133 2558 quoque
1156 2476 1308 2541 carmina
1330 2484 1440 2542 trans·

284 2594 353 2659 lata
378 2602 445 2659 est:

285 2715 367 2782 Βοὴ.
402 2715 486 2798 653:
510 2712 695 2798 Sanctique
719 2713 768 2777 tui
794 2732 910 2777 manes
935 2714 1033 2778 nobis
1058 2716 1255 2798 petentibus
1278 2717 1404 2796 adsint,

507 2844 544 2900 ut
572 2855 707 2918 semper
729 2831 944 2918 libenterque
968 2833 1094 2899 salmos
1117 2836 1248 2920 tibique
1272 2837 1437 2904 dicamus.

285 2956 485 3038 Bch.1443:
510 2956 623 3030 Festa,
648 2954 753 3019 decus
777 2961 942 3030 nostrum,
963 2963 1056 3019 certe
1076 2956 1253 3021 veniemus
1272 2957 1307 3022 in
1321 2979 1436 3036 unum,

528 3075 556 3139 si
581 3074 662 3138 mihi
687 3074 758 3138 vita
782 3073 900 3157 proba,
925 3073 953 3136 si
977 3074 1041 3138 tibi
1066 3094 1147 3139 cura
1171 3076 1238 3140 mei
1261 3084 1315 3142 est
1326 3075 1364 3161 5).

286 3181 487 3198 *ι-κ-

317 3226 344 3295 1)
362 3226 405 3276 De
433 3225 513 3276 verbo
541 3223 667 3291 parcendi
694 3222 826 3274 interdum
854 3222 1012 3273 Accusativo
1038 3223 1128 3275 iuncto
1153 3224 1207 3276 viu
1227 3226 1348 3293 exempla
1366 3229 1439 3295 apud

285 3313 402 3379 Georges
421 3309 572 3363 Worterb.²
590 3328 611 3362 s.
621 3327 646 3362 v.
667 3310 745 3361 Cous.
764 3309 828 3360 Bch.
847 3308 898 3373 837
915 3307 956 3376 (=
970 3309 1073 3361 Dessau
1087 3310 1195 3380 8195b),
1205 3313 1251 3363 ubi
1261 3312 1331 3364 idem
1341 3314 1440 3382 legitur

284 3399 456 3467 accusativus,
475 3399 575 3450 sicum
595 3397 780 3449 Cholodniuko
801 3395 893 3463 „pias”
912 3397 1028 3448 restituis
1047 3414 1095 3464 pro
1107 3399 1212 3465 „piae”
1223 3400 1270 3451 Sin
1280 3408 1369 3452 autem
1378 3417 1439 3453 cum

285 3486 445 3538 Buechelero
468 3485 547 3552 legis:
577 3501 671 3550 „parce
698 3485 758 3551 piae
786 3483 896 3534 Maues’'
926 3482 1093 3550 interpretari
1115 3485 1191 3537 licet:
1219 3503 1314 3553 „parce
1334 3489 1440 3555 pienter

286 3571 443 3639 Meuibus”;
461 3573 525 3622 item
543 3572 622 3638 igitur
641 3585 690 3637 pro
710 3571 870 3621 Accusatlvo
888 3569 1000 3620 habetur
1018 3586 1069 3621 vox
1089 3572 1189 3623 Manes.

316 3658 345 3727 2)
363 3659 398 3710 cf.
415 3658 515 3709 Tibull.
533 3669 558 3722 3.
570 3667 594 3724 5.
605 3670 654 3708 21:
672 3657 784 3723 Parcite,
801 3655 932 3722 pallentes
952 3657 1036 3707 undas
1055 3657 1215 3724 quicumque
1233 3661 1337 3728 tenetis,

725 3743 854 3809 Duraque
872 3742 959 3793 sortiti
978 3743 1054 3794 tertia
1071 3759 1154 3811 regnu
1171 3745 1223 3796 dei.

286 3833 351 3885 ibid.
371 3845 395 3884 2.
406 3833 432 3884 6.
442 3844 487 3899 29,
505 3831 637 3885 Cholodn.
659 3841 736 3894 1232.

316 3918 345 3989 3)
362 3919 396 3971 ci.
416 3918 546 3969 Cholodn.
567 3928 667 3984 12550:
686 3917 746 3969 Sint
763 3917 814 3968 tibi
833 3915 929 3982 placati
948 3917 1049 3967 Manes.
1120 3917 1184 3968 Βοὴ
1206 3929 1283 3983 1043.

316 4006 347 4077 4)
364 4008 451 4058 Huius
480 4006 517 4056 rei
541 4021 646 4057 causam
670 4005 771 4072 optime
796 4003 918 4069 exposuit
945 4004 1030 4054 BLiet
1056 4003 1101 4056 11.
1128 4003 1223 4071 154:
1245 4006 1356 4073 „Neque
1374 4024 1439 4062 vero

286 4093 496 4162 „neglegendum
514 4100 554 4144 est
570 4093 705 4144 titulorum
714 4090 901 4158 sepulcralium
909 4105 1061 4155 graecorum
1070 4090 1153 4141 multo
1162 4091 1289 4143 minorem
1300 4109 1439 4147 numerum

284 4187 432 4249 „servotum
457 4194 513 4231 esse
535 4195 615 4246 quam
632 4180 782 4230 latinorum.
803 4179 878 4242 Quae
897 4192 956 4228 cum
974 4177 1013 4228 itu
1030 4177 1093 4243 sint,
1110 4178 1205 4228 mirum
1222 4195 1278 4229 nou
1296 4186 1346 4247 est,
1364 4183 1440 4247 quod

198 4281 201 4285 ’
287 4269 331 4335 „iu
350 4268 508 4319 Graecorum
527 4267 610 4318 titulis
628 4283 683 4317 uon
702 4273 741 4317 tot
760 4281 869 4317 numero
885 4263 1006 4329 exemplu
1022 4264 1202 4333 inveniuntur,
1219 4274 1286 4332 quot
1300 4268 1327 4318 in
1342 4268 1440 4321 Romu·

287 4371 396 4422 ¹,norum
423 4354 507 4405 titulis
531 4353 700 4421 collegimus:
723 4354 802 4403 immo
827 4367 861 4403 ne
885 4352 936 4401 hoc
955 4351 1063 4417 quidem
1080 4351 1191 4420 mireris,
1209 4353 1232 4403 si
1249 4368 1303 4404 una
1321 4354 1439 4407 alterave

288 4442 449 4508 ,sententiae
478 4440 560 4490 forma
587 4441 615 4490 iu
641 4439 800 4490 Graecorum
824 4437 909 4488 titulis
928 4437 1038 4488 omnino
1056 4451 1111 4487 non
1129 4437 1279 4507 invenitu13
1297 4439 1348 4492 hoc
1367 4442 1440 4492 euim

289 4544 400 4595 „magna
418 4528 526 4594 quidem
545 4543 577 4577 ex
596 4534 670 4593 purte
688 4527 760 4577 casui
779 4525 948 4577 tribuendum
965 4523 1031 4576 est.”

319 4614 347 4682 5)
364 4615 398 4665 ci.
416 4614 482 4664 Βοὴ.
500 4626 567 4677 920:

299 4701 351 4752 hoc
368 4699 428 4768 (ie.
446 4700 551 4765 siguum
569 4698 666 4766 crucis)
685 4706 713 4749 tu
734 4699 789 4750 sive
809 4699 869 4764 pius
888 4699 1000 4749 frontem
1018 4698 1073 4749 sive
1094 4706 1200 4765 pectora
1218 4701 1317 4768 signes,

301 4804 351 4840 uec
366 4789 504 4839 Lemonum
518 4786 627 4838 iusidies
637 4784 667 4854 (i.
675 4801 697 4837 e.
707 4785 828 4854 iusidias)
837 4792 1028 4852 expectnraque
1038 4785 1068 4854 (1.
1077 4801 1101 4837 e.
1111 4786 1280 4856 spectrcque)
1289 4804 1358 4840 vuuu
1366 4789 1439 4842 time.
