3134 5476
761 391 808 457 49

203 553 285 618 Bch.
299 554 383 636 653:
431 553 517 618 Cara
541 555 598 638 pia
622 554 748 619 coniux
774 555 888 638 Yguia
913 555 1098 638 deditaque
1122 554 1255 631 marito,

433 675 558 740 funeris
582 675 632 738 tui
656 694 758 739 causa
782 682 856 739 tota
880 696 941 739 nos
966 683 1081 739 mente
1105 675 1270 738 dolemus.

433 795 610 878 sanctique
634 796 683 858 tui
706 815 822 859 manes
846 796 945 860 nobis
969 795 1166 879 petentibus
1189 794 1312 858 adsint.

206 913 287 977 Bch.
301 914 384 978 611:
431 914 508 979 Hoc
530 914 702 980 Anulinae
722 916 789 979 mei
811 923 1042 980 memorantur
1061 916 1210 979 carmine
1224 914 1354 978 Manes.

205 1033 287 1098 Bch.
305 1052 406 1118 1143:
431 1035 579 1100 molliter
602 1037 645 1100 ad
671 1044 815 1102 matrem
840 1036 965 1121 placidi
990 1037 1190 1101 descendite
1214 1055 1341 1113 manes,

523 1153 649 1239 Elysiis
671 1157 802 1241 campis
825 1155 946 1221 floreat
969 1156 1090 1220 umbra
1113 1156 1187 1221 tibi.

208 1273 388 1339 Praeterea
423 1275 504 1340 Bch.
538 1291 611 1360 559,
641 1296 722 1361 1043
748 1278 913 1362 (coniugis
937 1277 1079 1360 Manes),
1113 1292 1194 1359 1155
1222 1276 1355 1359 (Manes

206 1394 394 1477 patronae),
419 1397 502 1479 1198
523 1396 652 1480 (manes
672 1398 790 1481 meos),
816 1411 895 1482 1791
921 1396 1049 1480 (Manes
1071 1396 1213 1461 Pontiae
1226 1397 1357 1480 Diony-

205 1513 297 1597 siae),
327 1531 420 1597 1223‚
450 1533 544 1600 1139,
570 1533 650 1598 1223
674 1517 745 1601 (sed
766 1519 880 1601 potius
893 1526 993 1601 optes
1006 1516 1088 1580 mihi
1101 1525 1224 1599 quetos
1237 1516 1357 1580 Manes

205 1633 226 1696 i.
236 1654 266 1697 e.
291 1643 390 1718 optes
414 1644 451 1699 ut
476 1636 596 1701 Manes
620 1639 687 1701 mei
712 1635 920 1722 quiescant);
946 1637 1077 1700 Dessau
1104 1637 1208 1720 8190:
1233 1656 1357 1719 queror

206 1762 290 1838 aput
315 1754 435 1819 Manes
459 1758 540 1820 eius.

205 1875 247 1939 cf.
256 1875 344 1940 Aen.
361 1895 389 1959 3.
400 1894 478 1959 303:
495 1877 644 1942 Libabat
652 1878 756 1942 cineri
767 1877 1011 1942 Andromache
1023 1877 1201 1959 Manisque
1211 1876 1357 1940 vocabat

496 1998 707 2063 Hectoreum
730 2000 774 2063 ad
798 1998 975 2063 tumulum.

206 2137 286 2199 pro:
311 2116 470 2181 Hectoris
495 2119 616 2183 Manes
639 2119 787 2183 vocabat
810 2120 853 2183 ad
877 2119 1056 2184 tumulum.

251 2237 368 2300 Livius
393 2240 489 2320 3.58.
508 2258 557 2316 11,
583 2257 736 2323 21.10.3
761 2249 796 2304 21
820 2241 955 2324 passim.

251 2357 369 2421 Latius
400 2359 549 2442 denique
573 2367 669 2443 patet
693 2360 908 2436 vocabulum,
933 2361 1026 2443 quod
1050 2368 1102 2423 est
1126 2358 1254 2436 Manes,
1279 2378 1357 2421 cum

206 2476 391 2559 significat:
417 2479 486 2543 loca
509 2480 656 2563 inferna.

206 2595 288 2660 Bch.
301 2598 381 2681 569:
429 2619 497 2662 non
522 2608 636 2664 tamen
661 2601 704 2664 ad
729 2600 860 2676 Manes,
882 2601 942 2664 sed
956 2600 1040 2663 caeli
1053 2599 1096 2663 ad
1110 2599 1222 2662 sidera
1233 2599 1356 2681 pergis.

206 2716 289 2782 Bch.
304 2720 403 2800 1318:
427 2727 480 2783 set
489 2727 604 2784 tamen
615 2721 659 2784 ad
669 2720 789 2784 Manes
802 2721 918 2784 foenix
927 2740 981 2783 me
991 2721 1106 2783 serbat
1115 2719 1149 2804 (b
1160 2749 1202 2774 =
1212 2720 1245 2803 v)
1255 2720 1289 2782 in
1299 2739 1357 2782 ara

493 2841 551 2924 qui
577 2861 710 2905 mecum
735 2850 897 2924 properat
919 2862 956 2904 se
980 2861 1138 2925 reparare
1161 2840 1236 2904 sibi.

206 2956 288 3021 Bch.
302 2974 402 3040 1324:
426 2959 486 3022 sed
507 2960 600 3042 quod
620 2969 704 3044 aput
717 2960 837 3025 Manes
848 2981 966 3028 sensus
979 2960 1080 3038 valet,
1093 2961 1267 3044 impraeco
1280 2959 1357 3024 illae

468 3089 675 3164 ereptaeque
699 3082 843 3158 animae,
867 3081 911 3145 sit
934 3102 1038 3165 quoq.
1063 3090 1153 3145 terra
1176 3081 1270 3146 levis,

206 3196 287 3261 Bch.
302 3214 402 3282 1292:
427 3198 546 3263 Dulcis
569 3210 653 3284 aput
676 3202 797 3266 Manes
821 3200 891 3265 Zoe
915 3201 1099 3265 benedicta
1124 3203 1274 3265 moraris.

204 3326 239 3382 et
264 3318 345 3383 Bch.
369 3336 446 3403 972,
474 3338 569 3404 1190,
595 3338 687 3397 1200,
713 3335 806 3403 1535.
829 3321 871 3384 cf.
892 3321 994 3386 Ovid.
1009 3322 1103 3386 Fast.
1118 3338 1148 3385 2.
1162 3322 1238 3406 609,
1253 3322 1357 3405 Verg.

184 3437 295 3508 ¹Aen.
318 3459 350 3521 4.
365 3441 439 3524 387,
465 3440 590 3525 Georg.
619 3460 645 3506 1.
661 3459 735 3525 243.

408 3560 464 3626 vel
488 3574 638 3626 mortem.
746 3564 749 3571 '

205 3680 287 3746 Bch.
305 3683 405 3764 1485:
453 3681 490 3747 Si
514 3683 651 3747 fortuna
674 3704 753 3747 suos
777 3686 945 3768 potuisset
969 3684 1107 3750 flectere
1133 3703 1261 3760 manes,

494 3803 583 3867 hunc
607 3803 744 3867 titulum
768 3807 857 3888 patri
882 3825 1010 3889 ponere
1035 3804 1232 3868 debueram.

205 3920 287 3985 Bch.
317 3935 416 4004 1550:
448 3921 549 3988 Hunc
573 3923 711 3989 titulum
734 3931 835 3988 natae
859 3925 1016 4006 genetrix
1040 3924 1186 4007 decepta
1210 3924 1326 4008 paravi

449 4052 528 4127 post
550 4052 687 4108 teneros
711 4065 828 4108 manes
851 4053 887 4109 et
909 4045 1053 4109 acerbae
1079 4044 1195 4108 lunera
1219 4044 1347 4108 mortis.

494 4164 547 4248 l:
562 4174 641 4248 post
664 4172 812 4228 mortem
835 4163 988 4248 tenerae)

203 4279 285 4345 Bch.
314 4298 414 4347 1112:
445 4283 595 4367 excipiet
618 4283 745 4360 Manes,
770 4305 831 4348 sua
855 4284 912 4367 qui
937 4285 1010 4347 sine
1034 4283 1094 4347 lite
1119 4282 1265 4366 reliquit.

493 4403 526 4486 (i.
540 4423 568 4465 e.
594 4413 740 4468 mortem
764 4403 1005 4487 tranquillam).

405 4521 459 4587 vel
483 4525 634 4607 corporis
656 4524 827 4606 reliquias.

207 4638 287 4704 Bch.
306 4655 389 4725 1159
402 4642 456 4726 )=
470 4644 601 4707 Dessau
615 4644 634 4707 8
639 4644 732 4727 524):
754 4644 949 4709 Ummidiae
969 4663 1087 4708 manes
1099 4642 1248 4706 tumulus
1260 4643 1356 4726 tegit.

250 4761 316 4845 (De
340 4762 460 4826 umbra
484 4784 571 4846 quae
595 4764 731 4847 tegitur,
755 4765 847 4848 apud
872 4764 954 4828 Bch.
978 4784 1009 4828 c.
1036 4776 1076 4845 53
1100 4783 1213 4826 sermo
1237 4762 1312 4845 est.)

1254 4896 1273 4946 4
