3134 5476
758 389 797 455 61

204 575 287 642 Bch.
314 576 394 662 398:
441 593 529 658 quae
553 574 661 639 caruit
684 573 758 638 luce
782 581 818 636 et
841 571 992 637 tenebris
1015 592 1051 636 se
1076 572 1211 636 miscuit
1234 572 1325 637 atris.

251 696 308 762 Sic
332 695 484 779 saepius;
510 692 553 758 cl.
577 712 715 757 carmen
738 691 947 756 simillimum
973 691 1055 757 Bch.
1082 707 1155 774 503.

203 816 288 881 Bch.
300 816 384 897 428:
421 814 537 898 (frater
559 814 666 897 meus)
680 814 714 876 in
727 812 878 878 tenebris
891 811 1100 876 Acherontis
1111 811 1237 876 labitur
1249 812 1358 876 undis.

203 936 288 1001 Bch.
306 937 407 999 1828:
421 935 562 1018 perveni
582 935 616 997 in
630 933 790 998 tenebras
802 934 960 1016 Ditisque
973 934 1016 997 ad
1029 915 1172 998 Tartara
1184 954 1360 1017 praeceps.

248 1057 429 1120 Praeterea
454 1054 537 1119 Bch.
566 1055 659 1134 1084,
689 1070 783 1136 1109,
813 1067 907 1135 1550.

250 1174 317 1259 Qui
349 1175 382 1240 in
407 1173 563 1259 sepulcro
587 1175 675 1238 iacet
698 1172 867 1249 humatus,
892 1174 927 1237 in
951 1172 1101 1238 tenebris
1125 1194 1262 1257 quoque
1286 1195 1360 1238 esse

297 1297 439 1361 dicitur:

206 1417 289 1481 Bch.
312 1417 396 1500 496:
444 1415 511 1480 Hic
535 1417 631 1480 iaceo
655 1415 774 1480 infelix
797 1415 947 1498 Zmyrna
971 1414 1084 1499 puella
1106 1416 1257 1481 tenebris
1273 1414 1306 1501 ¹).

251 1536 348 1600 Idem
373 1534 443 1599 fere
472 1536 565 1619 1269,
596 1537 689 1600 1822.
714 1535 756 1600 ci.
782 1543 976 1619 praeterea:

204 1655 286 1720 Bch.
316 1656 416 1720 1068:
464 1676 554 1720 nunc
579 1656 692 1738 rapior
717 1656 867 1720 tenebris
890 1665 925 1720 et
950 1658 1037 1739 tegit
1061 1677 1137 1721 ossa
1159 1657 1245 1741 lapis
1259 1653 1293 1742 ²).

205 1776 287 1841 Bch.
314 1791 395 1861 595:
465 1796 552 1860 quos
575 1777 644 1840 cito
670 1777 811 1840 nimium
835 1786 1022 1860 rapuerunt
1046 1777 1115 1841 lata
1139 1779 1280 1843 teneb're
1296 1775 1329 1862 ³).

249 1897 292 1961 cl.
316 1917 455 1961 carmen
480 1895 602 1961 Christ.
628 1896 710 1960 Bch.
735 1897 811 1960 660.
827 1912 857 1960 2.

251 2018 333 2082 Vox
356 2038 444 2100 quae
469 2025 522 2081 est
546 2038 611 2081 nox
634 2017 775 2101 legitur:

205 2137 286 2201 Bch.
310 2139 396 2217 428:
422 2137 548 2222 (frater)
573 2138 608 2202 in
631 2145 807 2202 aeternam
832 2139 949 2202 mersit
972 2159 1032 2202 sua
1055 2137 1185 2204 lumina
1209 2150 1357 2207 noctem.

251 2257 467 2323 Simillimum
494 2273 567 2341 545.
584 2276 613 2324 2.

207 2379 289 2444 Bch.
312 2380 396 2464 467:
443 2388 479 2443 et
502 2401 619 2444 manes
643 2379 780 2464 placida·
800 2381 863 2445 tibi
887 2389 988 2445 nocte
1013 2383 1199 2464 quiescant.

251 2498 356 2583 Apud
381 2508 501 2583 poetas
521 2509 556 2564 et
569 2500 745 2564 Romanos
757 2509 792 2565 et
806 2500 954 2565 Graecos
967 2501 1011 2565 de
1024 2501 1208 2566 inferorum
1220 2503 1359 2567 sedibus

204 2620 394 2686 tenebrosis
417 2641 520 2705 saepe
543 2630 596 2685 est
618 2642 741 2686 sermo.
767 2621 936 2705 Exempla
960 2631 1202 2706 comparentur
1225 2623 1326 2687 haec:

250 2741 354 2824 Verg.
386 2739 476 2804 Aen.
510 2741 541 2804 6.
556 2742 637 2823 265:
675 2742 769 2823 „loca
791 2751 893 2805 nocte
917 2742 1067 2806 tacentia
1090 2741 1191 2819 late''‚
1216 2751 1251 2806 et
1276 2743 1357 2806 268:

208 2860 324 2943 „ibant
348 2860 482 2925 obscuri
503 2862 575 2925 sola
587 2862 651 2926 sub
665 2871 766 2926 nocte
779 2883 840 2946 per
852 2862 1041 2940 umbram'’‚
1055 2863 1113 2926 ubi
1126 2863 1190 2946 ipsi
1203 2861 1358 2927 homines

204 2981 364 3045 dicuntur
400 2981 545 3059 obscuri,
578 2984 671 3066 quod
704 2983 854 3047 tenebris
877 2991 956 3046 sunt
980 2982 1183 3047 circumfusi.
1208 2982 1250 3046 cf.
1275 2983 1358 3048 ibid.

209 3116 273 3185 534
296 3110 331 3165 et
354 3100 477 3185 Georg.
501 3120 533 3183 4.
546 3120 624 3187 497,
649 3124 798 3186 quocum
822 3102 863 3166 cl.
889 3102 1045 3186 Euripid.
1065 3103 1238 3167 Phoeniss.
1257 3117 1315 3185 145
1321 3123 1361 3187 3²

207 3220 263 3298 ἤδη
288 3219 352 3301 γάρ
376 3246 418 3301 με
442 3221 633 3304 περιβάλλει
658 3221 778 3295 σκότος.
918 3223 921 3229 ’

252 3341 374 3407 Catull.
413 3361 493 3426 3.11
528 3345 584 3428 (de
610 3365 746 3428 passere
770 3351 906 3408 mortuo
931 3344 1090 3427 dictum):
1120 3345 1196 3426 „qui
1221 3364 1311 3408 nunc
1335 3345 1361 3408 it

206 3483 268 3546 per
292 3463 357 3526 iter
379 3463 663 3541 tenebricosum”,
689 3473 724 3528 et
750 3464 830 3548 5.6:
859 3463 1001 3549 „(nobis)
1027 3485 1096 3527 nox
1119 3473 1171 3528 est
1195 3475 1362 3548 perpetua

205 3604 274 3648 una
308 3584 544 3649 dormienda”.
581 3586 700 3650 Horat.
737 3584 803 3650 Od.
840 3587 934 3649 1.28.
954 3600 1010 3667 15:
1036 3583 1126 3663 „Sed
1152 3605 1271 3649 omnes
1294 3606 1361 3650 una

210 3713 346 3786 „manet
370 3704 460 3769 nox'’
474 3703 509 3789 ⁴).

254 3826 326 3890 Iam
349 3826 441 3909 apud
467 3827 676 3891 Homerum:
697 3827 794 3892 Iliad.
820 3842 869 3910 15.
895 3845 973 3912 191:
993 3825 1099 3902 Ἀίδης
1121 3822 1253 3907 δ’ἔλαχε
1267 3825 1360 3908 ζόφον
1446 3861 1448 3865 -

206 3942 363 4026 ἠερόεντα.
387 3946 429 4010 cf.
454 3947 537 4011 ibid.
564 3964 615 4012 21.
632 3949 682 4029 56,
709 3964 761 4031 23.
779 3963 836 4030 51;
862 3947 929 4013 Od.
959 3967 1007 4012 11.
1023 3963 1081 4032 57:
1106 3945 1273 4030 Ἐλπῆνορ,
1296 3950 1360 4020 πῶς

207 4058 299 4139 ἦλθες
323 4065 381 4130 ὑπὸ
408 4064 501 4148 ζόφον
526 4063 691 4147 ἦερόεντας
717 4069 758 4133 cl.
784 4067 866 4132 ibid.
892 4084 944 4133 20.
959 4069 1034 4151 356.

243 4202 270 4269 1)
288 4203 331 4252 De
350 4217 414 4253 voce
433 4217 501 4268 quae
520 4207 560 4251 est
578 4202 699 4268 Zmyrna,
718 4202 752 4252 cf.
772 4201 915 4254 Stowasser
931 4202 974 4255 l.l.

240 4287 270 4356 2)
288 4288 322 4338 cf.
342 4289 438 4340 Catull.
458 4301 542 4353 3.13:
561 4295 588 4339 at
606 4289 680 4339 vobis
699 4289 767 4339 male
787 4290 829 4355 sit,
849 4289 933 4339 malae
951 4291 1075 4340 tenebrae
1096 4289 1168 4358 Orci,
1187 4307 1254 4357 quae
1273 4293 1362 4342 omnia

209 4375 281 4427 bella
300 4376 443 4427 devoratis:
466 4382 519 4426 tam
537 4376 636 4426 bellurn
654 4376 718 4426 mihi
737 4392 869 4441 passerem
887 4377 1040 4427 abstulistis.

242 4460 272 4529 3)
289 4463 332 4512 De
349 4462 471 4513 vocabuli
490 4478 551 4512 casu
570 4478 625 4513 non
644 4470 755 4513 constat.
774 4464 839 4514 Esse
860 4470 947 4529 potest
966 4463 1066 4514 numeri
1077 4463 1215 4530 singularis
1225 4466 1362 4531 genetivus

211 4547 334 4617 (tenebra
361 4567 417 4600 raro
446 4550 551 4616 legitur,
579 4550 613 4600 ci.
642 4550 739 4615 Georg.
767 4552 832 4601 Lex.
859 4553 918 4601 Lat.
946 4550 1054 4618 Wortf.)
1071 4559 1116 4601 aut
1134 4553 1237 4603 numeri
1255 4553 1364 4619 pluralis

211 4636 389 4687 nominativus
407 4636 447 4705 (et
465 4637 518 4687 fata
536 4645 679 4703 rapuerunt
697 4645 723 4688 et
742 4639 875 4688 tenebrae.
894 4637 927 4688 cf.
947 4638 1010 4688 Bch.
1032 4638 1109 4689 1068.
1120 4637 1157 4706 2).

240 4720 270 4789 4)
299 4723 398 4774 Contra
425 4723 518 4774 Senec.
544 4724 578 4774 ad
604 4724 684 4774 Marc.
703 4723 737 4774 de
755 4724 856 4776 consol.
877 4738 960 4789 19.4:
979 4725 1207 4791 cogita—nullas
1226 4727 1361 4777 imminere

214 4809 324 4860 mortuis
344 4811 475 4861 tenebras.
