3134 5476
674 749 816 817 PARS
851 752 902 816 III

242 929 320 993 QUA
344 929 393 979 DE
417 929 666 994 RELIQUORUM
690 930 894 982 CARMINUM
919 929 1143 981 SENTENTIIS
1167 928 1324 980 AGITUR.

254 1336 281 1398 §-
310 1343 337 1390 1.
361 1326 401 1390 ln
425 1326 555 1410 reliqua
578 1327 765 1391 carminum
788 1326 1026 1410 sepulcralium
1050 1333 1157 1409 parte,
1182 1343 1270 1409 quae
1295 1322 1363 1387 col·

211 1444 294 1529 legit
318 1445 554 1523 Buechelerus‚
575 1448 722 1511 hominis
742 1446 893 1511 defuncti
914 1446 1056 1511 alteram
1077 1466 1150 1510 esse
1162 1446 1269 1508 vitam
1282 1452 1363 1529 post

211 1575 357 1631 mortem
393 1588 505 1652 neque
528 1576 671 1651 negatur
694 1587 806 1651 neque
830 1567 1030 1631 indubium
1055 1573 1206 1641 vocatur,
1228 1565 1290 1628 sed
1314 1565 1364 1628 ita

210 1696 289 1752 sunt
312 1688 512 1771 composita,
537 1695 575 1751 ut
598 1696 743 1752 mortem
769 1708 837 1751 non
861 1688 966 1753 totius
989 1687 1136 1751 hominis
1159 1705 1233 1750 esse
1257 1683 1363 1748 finem

211 1816 389 1872 statuatur.

255 1927 447 2011 Quaeritur,
479 1949 560 1993 num
584 1929 665 1992 inde
688 1927 892 1992 concludere
917 1927 1029 2004 liceat,
1054 1927 1255 2010 omnesqui
1279 1924 1365 1990 talia

211 2049 361 2113 carmina
384 2048 638 2132 composuerint
662 2058 721 2112 aut
740 2049 902 2133 sepulcris
922 2049 1139 2114 inscribenda
1158 2047 1363 2124 curaverint,

212 2190 248 2233 re
271 2190 351 2234 vera
373 2169 474 2233 luisse
498 2171 533 2233 in
557 2169 621 2234 hac
641 2170 821 2246 sententia,
840 2178 879 2234 ut
899 2190 966 2234 una
986 2191 1063 2234 cum
1084 2169 1237 2252 corporis
1256 2168 1365 2232 disso-

211 2287 341 2352 lutione
373 2297 537 2372 negarent
560 2289 712 2353 animum
735 2310 872 2374 quoque
896 2289 1035 2354 dissolvi
1059 2297 1094 2353 et
1113 2289 1262 2353 interire.
1287 2286 1367 2370 Qua

213 2408 248 2471 in
282 2429 318 2472 re
349 2408 568 2474 diiudicanda
600 2411 791 2474 cavendum
822 2411 965 2487 videtur,
999 2409 1148 2494 nequid
1173 2407 1366 2473 inconsulte
1402 2456 1412 2473 .

214 2532 365 2596 agamus.

259 2632 325 2716 Qui
357 2634 448 2698 enim
479 2635 771 2699 immortalitatem
804 2656 848 2699 ex
878 2635 982 2699 animi
1006 2635 1177 2699 sententia
1200 2639 1368 2717 negarent

212 2763 271 2818 aut
298 2754 495 2819 dubitarent
518 2756 589 2819 veri
613 2752 722 2818 simile
747 2763 799 2818 est
822 2755 960 2819 liberius
984 2755 1155 2839 aperuisse
1180 2773 1269 2836 quae
1288 2773 1366 2816 sen-

210 2875 324 2951 tirent,
347 2894 451 2957 quam
475 2874 533 2958 qui
557 2881 666 2938 totam
691 2896 762 2938 rem
775 2874 996 2958 neglegerent
1008 2896 1071 2939 nec
1084 2874 1183 2939 ullius
1195 2872 1365 2937 haberent

211 2994 394 3072 momenti;
416 3014 475 3058 eos
495 2995 608 3078 potius
628 3003 896 3059 consentaneum
916 3003 968 3059 est
984 3003 1043 3060 aut
1062 2995 1202 3059 omnino
1218 2994 1367 3057 tacuisse

210 3122 270 3179 aut
304 3114 386 3178 satis
417 3113 592 3197 divulgata
624 3115 875 3180 inconsiderate
899 3114 1127 3199 exscripsisse.
1151 3112 1229 3196 Quo
1254 3111 1303 3189 fit,
1329 3119 1368 3176 ut

211 3254 280 3298 non
316 3233 351 3297 in
386 3233 545 3298 omnibus
580 3235 785 3299 carminibus
815 3235 1108 3299 immortalitatem
1139 3232 1367 3317 probantibus

214 3374 330 3418 veram
353 3355 502 3418 auctoris
526 3353 723 3437 opinionem
748 3354 850 3439 plane
874 3355 1129 3438 perspiciamus.

262 3475 396 3539 Desunt
429 3482 544 3538 autem
575 3475 674 3539 nobis
697 3495 763 3539 non
790 3496 909 3558 pauca,
933 3495 1020 3558 quae
1043 3475 1071 3538 si
1095 3474 1368 3558 suppeditarent,

215 3596 250 3659 in
286 3595 387 3660 rebus
421 3595 647 3660 diiudicandis
677 3596 926 3661 adhiberemus,
959 3596 1036 3660 Hoc
1067 3604 1202 3660 tantum
1227 3614 1368 3658 monere

213 3714 332 3779 liceat:
356 3733 460 3798 quam
485 3714 582 3778 multi
603 3714 736 3793 fuerint,
758 3716 815 3800 qui
836 3716 870 3780 in
890 3716 996 3780 titulis
1015 3715 1270 3780 conscribendis
1281 3714 1368 3778 alios

211 3835 335 3900 imitati
370 3835 439 3899 sint
462 3835 658 3918 ignoramus
683 3856 920 3921 necunquam
944 3857 1062 3900 eorum
1086 3856 1265 3901 numerum
1290 3855 1368 3918 cog-

213 3975 402 4019 noscemus.
429 3952 719 4039 Quandoquidem
743 3965 778 4020 et
802 3956 865 4021 illis
889 3957 1102 4039 temporibus
1126 3957 1208 4020 satis
1231 3964 1370 4020 constat

213 4076 325 4153 fuisse,
350 4075 407 4159 qui
431 4075 522 4139 tituli
546 4076 777 4159 componendi
801 4077 900 4141 rudes
921 4087 957 4142 et
976 4078 1162 4161 quomodo,
1184 4097 1273 4160 quae
1292 4097 1371 4140 sen·

214 4198 328 4274 tirent,
364 4196 477 4260 verbis
512 4198 744 4280 exprimerent
779 4198 899 4262 incerti
929 4207 1033 4282 atque
1064 4199 1224 4282 imperiti,
1255 4206 1371 4262 totum

217 4316 355 4380 titulum
378 4316 444 4393 vel,
468 4318 561 4401 quod
581 4316 781 4401 plerumque
801 4317 935 4382 videtur
946 4316 1073 4382 iactum
1086 4338 1169 4394 esse,
1182 4317 1373 4383 sententias

218 4438 298 4502 hinc
321 4436 414 4501 illinc
437 4437 578 4501 collatas
601 4438 687 4502 alter
709 4438 754 4502 ab
773 4436 881 4501 altero
900 4438 1191 4503 transscriberent.
1213 4436 1371 4520 Quorum

217 4556 307 4621 tituli
342 4558 385 4621 ad
418 4559 576 4622 carminis
599 4559 745 4623 auctoris
769 4560 974 4622 sententiam
999 4560 1275 4642 cognoscendam
1300 4579 1371 4623 non

211 4678 363 4743 ,multum
387 4677 513 4742 valent.

261 4797 410 4863 Accedit
441 4799 534 4882 quod
567 4799 601 4862 in
630 4818 697 4861 uno
722 4798 914 4881 eodemque
934 4797 1034 4861 titulo
1058 4799 1170 4863 variae
1194 4798 1371 4862 interdum
