3134 5476
783 375 828 438 44

228 536 446 621 Bch.43o.7:
493 546 528 601 et
551 539 702 602 solamen
727 541 790 603 erit
815 541 907 623 quod
933 550 967 604 te
992 542 1059 604 iam
1083 543 1218 625 iamque
1242 542 1381 618 videb0,

496 678 574 721 cum
597 659 668 723 vita
692 659 827 724 functus
852 661 971 745 iungar
997 663 1041 725 tis
1065 662 1185 726 umbra
1209 662 1335 745 figuris

230 776 469 860 Bch.1143.6:
494 777 620 861 Elysiis
643 782 772 864 campis
796 781 916 845 floreat
939 783 1060 847 umbra
1084 783 1156 846 tibi.

229 897 469 980 Bch.1165.1:
496 897 702 963 Umbrarum
727 921 845 965 secura
869 901 965 984 quies
989 903 1190 984 animaeque
1215 903 1351 986 piorum

539 1018 697 1084 laudatae
722 1020 832 1085 colitis
854 1042 942 1104 quae
966 1021 1042 1086 loca
1065 1031 1184 1086 sancta
1207 1023 1323 1087 Erebi.

232 1138 346 1202 Etiam
371 1139 451 1203 Bch.
480 1140 553 1221 564,
577 1158 654 1223 990,
684 1158 777 1223 1039,
806 1143 900 1225 1098,
929 1159 1022 1226 1109,
1052 1159 1146 1227 1174,
1175 1144 1381 1224 1212,1448.

272 1257 429 1322 Pluralis
451 1259 622 1323 interdum
647 1260 690 1324 de
713 1281 781 1324 uno
805 1260 943 1325 homine
968 1262 1109 1345 legitur:

228 1377 311 1443 Bch.
329 1393 429 1461 1510:
495 1380 619 1463 plaude
643 1381 725 1457 istis,
749 1382 914 1465 populare
939 1383 1069 1466 volgus
1094 1384 1232 1460 umbris,

492 1501 520 1563 si
544 1521 618 1563 sum
643 1501 765 1584 dignus
789 1501 899 1565 adhuc
924 1501 1039 1567 favore
1065 1510 1190 1567 vestro.

224 1617 306 1682 Bch.
336 1633 413 1703 197:
490 1619 542 1683 Ita
565 1619 650 1683 levis
673 1621 849 1686 incumbat
874 1631 964 1686 terra
987 1622 1150 1687 defuncto
1173 1624 1235 1688 tibi

492 1740 547 1804 vel
570 1742 676 1805 assint
699 1742 805 1825 quieti
831 1743 1001 1807 cineribus
1025 1743 1145 1807 Manes
1168 1743 1245 1820 tuis,

493 1883 577 1946 rogo
602 1884 644 1926 ne
668 1861 814 1946 sepulcri
840 1865 976 1927 umbras
1000 1864 1127 1928 violare
1151 1865 1288 1929 audeas

222 1981 382 2046 Ceterum
407 2003 475 2047 non
496 2004 632 2066 prorsus
645 1991 790 2059 constat,
804 1985 847 2048 de
861 2005 928 2047 uno
941 1992 1075 2048 tantum
1090 1984 1227 2047 homine
1240 1984 1376 2067 sepulto

224 2122 416 2166 sermonem
441 2123 532 2180 esse;
558 2111 610 2168 est
634 2111 749 2167 tamen
775 2103 966 2167 verisimile.
992 2104 1079 2167 Item
1104 2102 1185 2167 Bch.
1215 2106 1309 2188 1278.

270 2223 357 2287 Loca
379 2225 472 2306 apud
490 2225 628 2308 inferos,
649 2224 707 2288 ubi
728 2232 872 2307 regnant
893 2223 991 2287 Pluto
1012 2231 1047 2286 et
1060 2224 1271 2306 Proserpina,
1285 2225 1380 2288 vocis

227 2364 315 2426 quae
340 2352 392 2406 est
416 2344 535 2407 umbra
559 2342 678 2426 plurali
703 2363 843 2407 numero
867 2343 1100 2426 significantur
1124 2342 1176 2406 his
1199 2343 1326 2408 titulis:

229 2464 309 2528 Bch.
325 2483 407 2548 399:
455 2463 576 2528 Florus
596 2484 661 2547 ego
681 2463 736 2528 hic
760 2463 854 2528 iaceo
878 2464 1053 2546 quondam
1077 2463 1226 2546 bigarius
1250 2463 1372 2540 inians,

449 2585 507 2666 qui
528 2585 597 2647 cito
617 2586 698 2649 dum
711 2585 812 2667 cupio
826 2604 951 2660 currus,
964 2585 1033 2647 cito
1047 2584 1160 2648 decidi
1172 2584 1215 2647 ad
1230 2584 1378 2648 umbras.

224 2702 306 2766 Bch.
324 2721 425 2786 10331
448 2705 494 2767 sis
519 2724 639 2787 precor
662 2703 800 2767 infernis
826 2703 935 2766 minus
960 2703 1128 2766 invidiosa
1151 2703 1214 2767 sub
1238 2703 1378 2767 umbris.

225 2823 306 2888 Bch.
326 2825 426 2888 1186:
452 2824 559 2888 multa
583 2824 722 2907 quidem
747 2823 902 2887 bonitate
923 2843 1044 2906 gerens
1064 2832 1099 2887 et
1112 2822 1252 2886 vernula
1265 2825 1379 2887 vernis

447 2964 510 3007 nec
536 2945 648 3019 nimie,
673 2943 844 3007 comvivia
866 2943 980 3027 rapuit
1004 2943 1085 3006 dum
1109 2942 1217 3026 gloria
1241 2944 1343 3021 vitae,

447 3062 628 3146 sperabam
648 3072 720 3127 rate
740 3063 888 3127 infernas
900 3063 1014 3126 subito
1027 3062 1160 3126 delatus
1172 3064 1216 3126 ad
1230 3064 1378 3128 umbras.

230 3184 409 3248 Praeterea
434 3183 515 3247 Bch.
536 3184 611 3259 611,
637 3200 729 3268 1147,
749 3186 842 3260 1208,
861 3200 954 3262 1214,
973 3199 1067 3266 1219.
1082 3182 1123 3246 cs.
1137 3202 1240 3246 carm.
1255 3182 1379 3248 Christ.

229 3304 311 3368 Bch.
335 3321 412 3388 743.

277 3425 391 3489 Minus
426 3431 519 3489 recte
554 3423 674 3488 umbra
708 3423 843 3487 videtur
874 3422 967 3486 dicta
997 3442 1070 3486 esse
1094 3423 1137 3486 de
1161 3422 1211 3498 iis,
1235 3423 1382 3505 quaein
1417 3412 1420 3418 ’

227 3543 359 3608 tumulo
383 3543 496 3608 iacent
519 3543 670 3626 sepulta:

226 3665 308 3728 Bch.
323 3679 364 3748 53
380 3664 420 3749 1)1
434 3665 548 3747 Rogat
571 3673 609 3728 ut
632 3664 778 3739 resistas,
802 3661 938 3745 hospes,
962 3669 996 3726 te
1022 3661 1077 3725 hic
1100 3662 1224 3725 tacitus
1247 3661 1344 3746 lapis,

432 3786 513 3849 dum
523 3784 776 3866 ostenditquod
787 3783 973 3858 mandavit,
984 3782 1105 3864 quoius
1115 3783 1271 3847 umbram
1281 3783 1379 3865 tegit.

226 3907 307 3971 Bch.
322 3923 420 3970 1110:
434 3913 469 3969 et
492 3905 558 3969 hoc
582 3904 714 3968 tumulo
740 3905 926 3987 Mygdonis
949 3903 1071 3967 umbra
1095 3911 1203 3986 tegor.

226 4027 268 4091 cf.
295 4026 377 4090 Bch.
406 4026 500 4108 1256.
514 4026 546 4102 6,
576 4039 670 4107 1510.
686 4043 703 4106 3
718 4021 752 4107 ²).

230 4147 427 4158 ..-----

261 4194 287 4262 1)
305 4196 338 4245 cf.
357 4195 454 4245 Plessis
472 4193 515 4244 l.l.
535 4210 562 4258 p.
582 4201 624 4258 55.

259 4282 288 4350 2)
306 4283 391 4333 Pauca
409 4281 474 4332 mihi
492 4280 604 4330 dicenda
623 4286 684 4329 sunt
700 4278 733 4329 de
750 4279 852 4329 duobus
867 4276 960 4343 titulis,
970 4277 997 4326 iu
1007 4276 1104 4343 quibus
1113 4294 1166 4327 vox
1174 4278 1265 4328 umbra
1273 4277 1381 4343 legitur.

229 4370 293 4420 Bch.
315 4380 378 4434 723:
414 4367 458 4419 hic
477 4368 541 4418 situs
560 4374 600 4417 est
621 4367 724 4417 iuvenis
744 4366 842 4431 pietate
861 4364 978 4415 inlustris

408 4455 569 4520 eclesiasque
588 4454 655 4519 petit
673 4468 778 4503 securus
796 4451 916 4502 marturis
934 4453 1034 4500 umbra.

230 4536 1380 4607 MultoautemmeliusvideturquodproposuitHuebuerusllnscrflisp.Christ.124):

277 4629 455 4694 ecclesiaeque
474 4629 541 4694 petit
560 4643 580 4678 s.
601 4626 708 4677 Flavius
726 4624 848 4693 (traditur
866 4624 965 4674 mabiui
984 4640 1009 4674 v.
1027 4623 1141 4691 mabius)
1161 4626 1279 4676 umbram

229 4718 301 4784 quod
328 4718 356 4768 in
383 4731 487 4766 carmen
513 4714 690 4765 Christianum
715 4712 809 4762 melius
829 4710 955 4776 quadrare
973 4727 1051 4761 nemo
1070 4712 1186 4776 negabit.
1205 4710 1279 4762 Nihil
1297 4710 1379 4776 igitur

2 4776 180 5104 h
229 4805 263 4860 ad
281 4820 335 4855 rem
354 4810 468 4854 nostram
488 4801 610 4868 pertinet.
630 4801 663 4852 cf.
683 4798 746 4850 Bch.
767 4799 864 4866 662.1,
883 4797 980 4865 6842.
