3136 5454
764 385 803 458 52

205 554 287 625 Bch.
311 570 394 644 973:
441 574 584 642 corpore
608 566 813 642 consumpto
837 557 916 622 viva
939 555 1053 620 anima
1076 552 1160 618 deus
1184 568 1269 616 sum.

250 679 366 762 Vulgo
390 679 549 744 sublimia
573 687 690 764 petere
714 680 828 742 anima
852 678 985 754 dicitur,

205 806 264 862 aut
288 799 425 863 aethera
451 798 570 882 (ποτε)

205 918 287 983 Bch.
305 920 405 983 1206:
420 939 542 1002 corpus
562 917 667 983 habet
680 919 819 994 cineres,
832 917 981 981 animam
994 934 1090 979 sacer
1101 912 1242 978 abstulit
1254 918 1312 975 aer
1324 909 1356 994 ¹).

206 1039 287 1103 Bch.
302 1055 395 1123 1207:
408 1048 498 1103 terra
506 1046 603 1103 tenet
612 1059 744 1122 corpus,
755 1059 881 1103 nomen
890 1037 976 1122 lapis
985 1045 1089 1119 atque
1097 1035 1245 1099 animam
1255 1030 1356 1115 τότ’).

205 1166 264 1222 aut
288 1160 430 1224 caelum:

205 1277 288 1342 Bch.
316 1292 417 1363 1559:
442 1280 555 1344 anima
579 1279 674 1343 caelo
698 1280 833 1343 reddita
856 1287 908 1343 est
922 1276 957 1362 ³).

206 1406 265 1462 aut
289 1410 403 1462 astra:

206 1518 385 1583 Bch.611:
431 1520 491 1583 sed
517 1539 593 1582 mea
617 1520 733 1584 divina
757 1539 824 1582 non
849 1526 901 1581 est
925 1519 1012 1581 itura
1036 1516 1100 1580 sub
1124 1515 1260 1579 umbras

429 1638 584 1703 caelestis
607 1641 730 1703 anima.
754 1640 900 1702 mundus
924 1658 979 1700 me
1002 1637 1147 1720 sumpsit
1171 1644 1206 1699 et
1230 1642 1330 1709 astra,

429 1779 552 1843 corpus
576 1760 682 1824 habet
705 1759 805 1823 tellus
828 1767 864 1823 et
887 1778 1007 1822 saxum
1032 1777 1157 1821 nornen
1182 1755 1284 1818 inane
1297 1751 1334 1837 ⁴).

430 1879 485 1963 (cf.
511 1880 593 1944 Bch.
623 1881 728 1965 1207).

207 1997 289 2063 Bch.
308 2015 408 2078 1420:
433 2007 524 2062 astra
547 2009 669 2064 tenent
695 2000 855 2075 animam,
881 2004 1016 2062 caetera
1040 1996 1140 2061 tellus
1163 1995 1280 2059 habet.

207 2125 266 2181 aut
289 2129 440 2201 superos:

209 2237 290 2301 Bch.
308 2239 408 2320 1366:
434 2239 567 2304 Exacto
591 2241 682 2304 vitae
706 2240 916 2304 transcendit
941 2241 984 2304 ad
1008 2237 1148 2302 aethera
1171 2257 1269 2300 cursu

430 2359 618 2423 Terrenum
642 2360 774 2424 tumulo
798 2361 892 2437 dans,
918 2360 1068 2424 animam
1092 2357 1234 2441 superis.

210 2478 388 2541 Praeterea
401 2478 482 2542 Bch.
497 2493 589 2564 1257.
600 2479 641 2543 ci.
652 2479 733 2544 Bch.
747 2481 830 2562 603:
850 2481 999 2544 animam
1012 2478 1071 2543 lux
1083 2478 1173 2542 alma
1186 2475 1315 2559 recepit
1324 2473 1360 2559 ⁵).

255 2594 343 2660 Aliis
366 2605 481 2660 autem
505 2599 539 2661 in
563 2599 669 2663 titulis
693 2601 806 2663 anima
829 2600 920 2684 apud
945 2599 1070 2663 inferos
1093 2597 1147 2662 vel
1171 2597 1205 2660 in
1226 2595 1360 2660 tumulo

209 2718 335 2780 versari
359 2713 508 2800 putatur.

210 2835 291 2899 Bch.
310 2837 409 2918 1165:
424 2834 630 2902 Umbrarum
653 2859 771 2904 secura
794 2840 890 2922 quies
913 2840 1115 2922 animaeque
1140 2837 1273 2922 piorum

465 2957 623 3022 laudatae
648 2959 758 3023 colitis
783 2979 869 3042 quae
894 2959 969 3023 loca
993 2966 1112 3023 saneta
1135 2956 1250 3021 Erebi.

211 3074 292 3138 Bch.
313 3091 411 3157 1324:
425 3078 485 3141 sed
509 3079 601 3160 quod
623 3087 707 3162 aput
721 3079 840 3142 Manes
853 3100 971 3143 sensus
983 3079 1084 3155 valet,
1098 3081 1271 3162 impraeco
1284 3078 1363 3142 illae

467 3207 673 3282 ereptaeque
697 3201 841 3275 animae,
866 3201 910 3263 sit
933 3221 1037 3282 quoq.
1061 3208 1152 3263 terra
1175 3198 1270 3262 levis,

211 3314 295 3404 Bch.v
312 3317 411 3398 1278:
425 3315 586 3380 Claudius
609 3317 700 3382 hunc
720 3319 818 3383 vivus
839 3318 977 3402 Stygias
997 3319 1140 3382 Rufinus
1159 3320 1203 3383 ad
1222 3299 1363 3382 umbras

464 3437 611 3501 instituit
633 3437 780 3515 titulum,
806 3447 884 3522 post
907 3440 1041 3503 animae
1064 3439 1218 3522 requiem

422 3557 480 3638 qui
505 3558 601 3621 testis
625 3560 716 3624 vitae
739 3559 798 3623 fati
823 3559 867 3623 sit
891 3558 965 3641 lege
989 3559 1130 3623 iuturus.

212 3672 294 3738 Bch.
306 3691 391 3756 443:
426 3676 507 3739 sede
531 3679 595 3741 sub
619 3678 683 3743 hac
707 3699 812 3763 parva
836 3678 936 3743 titulo
961 3699 1135 3762 parvoque
1160 3685 1296 3743 tenetur

468 3817 573 3880 parva
597 3800 720 3863 anima.

218 3976 414 3988 ——..

246 4086 272 4154 1)
298 4087 405 4138 Cineres
430 4102 478 4152 pro
496 4087 599 4156 tellure,
618 4104 686 4155 quae
705 4088 751 4139 tali
770 4105 845 4140 versu
865 4089 970 4155 saepius
988 4095 1109 4158 vocatur3
1129 4093 1173 4139 a'e'r
1191 4102 1240 4154 pro
1258 4089 1363 4140 aethere

214 4173 328 4240 saepius,
347 4181 376 4223 ut
394 4179 485 4223 notum
504 4182 543 4224 est
562 4173 608 4242 (cf.
627 4175 691 4226 Bch.
713 4174 801 4244 1108).

245 4257 273 4326 2)
291 4259 325 4309 ci.
345 4259 493 4310 Christiana
511 4261 575 4312 Bch.
597 4272 657 4329 704,
679 4275 756 4326 1422.

246 4345 275 4413 3)
292 4347 325 4396 ci.
346 4346 494 4397 Christiana
513 4348 576 4400 Bch.
598 4359 658 4416 720,
680 4362 762 4416 14443
781 4350 842 4414 ⁶55·

243 4432 273 4500 4)
291 4432 325 4483 ci.
345 4433 494 4482 Christiana
513 4433 575 4501 696,
594 4435 670 4501 1362,
690 4448 767 4502 1401,
779 4448 847 4498 1420
856 4433 942 4502 (quod
951 4451 1053 4486 carmen
1066 4434 1242 4485 Christianum
1252 4434 1364 4502 videtur,

215 4519 237 4568 si
265 4535 296 4569 ex
324 4519 491 4584 subscriptis:
510 4521 641 4586 requievit
659 4521 687 4570 in
707 4537 779 4587 pace,
798 4522 826 4571 id
844 4529 956 4573 statuere
975 4523 1052 4590 licet3
1071 4529 1184 4573 ceterum
1203 4537 1307 4573 carmen
1324 4529 1364 4573 est

215 4605 249 4655 ad
266 4605 348 4656 instar
365 4606 548 4673 paganorum),
570 4617 646 4673 1425,
668 4620 744 4671 1392.

247 4690 274 4758 5)
292 4690 325 4741 cf.
336 4692 512 4742 Christianum
522 4693 586 4743 Beh.
597 4692 662 4758 758:
682 4694 742 4743 Hoc
759 4694 859 4744 tumulo
876 4695 960 4745 Baioli
976 4695 1125 4745 conduntur
1133 4695 1249 4745 membra
1258 4683 1364 4763 sepulti,

681 4779 727 4830 sed
743 4780 848 4846 pollens
864 4781 952 4831 anima
970 4782 1102 4847 praeclaro
1112 4782 1230 4832 manebit
1240 4781 1366 4848 Olympo.
