3134 5476
690 381 749 451 ¹35

144 572 283 637 quoque
310 552 497 636 proferunt,
521 553 613 634 apud
638 573 724 635 quos
748 552 792 616 Di
818 553 947 629 Manes,
971 549 1123 636 singulae
1145 556 1294 613 mortuo·

143 693 218 737 rum
241 673 386 751 animae,
410 673 445 737 in
468 673 581 737 locum
604 672 835 737 succedebant
859 672 999 736 deorum
1025 677 1215 754 parentum,
1235 666 1294 752 qui

143 793 281 876 proprie
306 794 471 857 maiorum
495 801 592 857 erant
614 793 759 857 animae.

187 1030 207 1116 ξ
230 1052 262 1116 9.
287 1033 340 1097 De
364 1034 554 1098 animarum
574 1033 678 1112 cultu,
698 1035 752 1098 cui
773 1034 858 1098 haec
877 1034 1070 1116 quoquede
1084 1040 1295 1097 mortuorum

143 1159 316 1237 potestate
340 1155 457 1238 opinio
482 1153 657 1238 divulgata
681 1155 776 1237 quasi
802 1154 1061 1218 fundamentum
1085 1154 1212 1217 iactum
1235 1161 1298 1229 est,

143 1294 222 1337 cum
260 1274 434 1358 superiore
465 1275 578 1358 capite
611 1275 746 1339 uberius
779 1275 846 1338 iam
879 1275 1009 1338 dictum
1041 1275 1094 1350 sit,
1126 1282 1231 1339 restat
1261 1283 1300 1338 ut

143 1393 343 1478 inquiratur,
368 1400 536 1476 quatenus
560 1415 647 1478 quae
672 1396 715 1458 de
735 1395 806 1458 eius
826 1395 919 1459 modi
941 1401 1113 1478 potestate
1132 1394 1298 1458 sentirent

142 1516 353 1599 superstites,
384 1517 419 1579 in
450 1516 638 1580 carminum
662 1516 901 1600 sepulcralium
925 1516 1035 1581 sorma
1058 1515 1298 1580 constituenda

143 1643 319 1719 appareat.

187 1772 223 1825 a.
249 1757 386 1833 Mortui,
409 1757 503 1839 quod
523 1757 646 1840 opibus
668 1777 875 1840 magnopere
888 1756 1002 1821 valere
1015 1764 1187 1841 putantur,
1200 1755 1295 1820 invo-

145 1885 276 1953 cantur,
300 1885 339 1940 ut
361 1877 561 1961 superstites
585 1885 745 1940 tueantur
768 1877 904 1959 suisque
929 1876 1068 1941 faveant
1083 1875 1116 1960 ¹).

145 1994 227 2060 Bch.
247 1996 326 2062 106:
352 1997 472 2060 Manes
496 1996 655 2072 colamus,
681 2016 829 2078 namque
853 1997 982 2080 opertis
1005 1995 1162 2060 Manibus

391 2117 507 2181 divina
531 2117 582 2180 vis
605 2123 658 2180 est
681 2116 844 2180 aeviterni
868 2117 1043 2200 temporis.

147 2234 225 2320 Quo
250 2236 399 2301 carmine
423 2256 464 2300 ea
488 2237 637 2300 manium
659 2244 812 2319 potestas
831 2245 948 2319 aperte
961 2236 1135 2320 probatur.
1148 2236 1190 2301 cs.
1203 2235 1301 2300 Plato

145 2357 230 2441 Leg.
257 2375 305 2434 11,
319 2356 445 2441 927A:
466 2355 505 2427 ὠς
526 2353 587 2435 ἄρα
606 2354 639 2419 ci
652 2352 979 2449 roivrsnrvcncdrcuv
992 2355 1100 2437 ψυχαὶ
1124 2355 1297 2433 δύναμιν

145 2474 257 2558 ἔχουσί
284 2499 355 2541 τινα
386 2476 633 2552 τελευτήσασαι,
662 2471 681 2558 ᾖ
711 2479 771 2539 τῶν
800 2475 875 2540 κατ’
899 2474 1071 2556 ἀνθρώπους
1097 2474 1298 2557 πραγμάτων

144 2598 383 2677 ἐπιμελοῦνται.

145 2718 228 2784 Bch.
246 2720 347 2803 1829:
372 2739 454 2803 ergo
467 2718 561 2782 velut
574 2719 657 2782 deus
669 2738 743 2782 esse
755 2717 840 2781 velis
853 2717 935 2782 mihi
949 2719 1069 2783 dexter
1082 2720 1117 2783 in
1130 2739 1252 2784 aevom
1260 2717 1297 2804 ²).

145 2839 228 2904 Bch.
247 2841 347 2923 1508:
366 2840 518 2924 (maritus
540 2847 711 2922 superstes
735 2859 859 2923 corpus
881 2840 997 2903 uxoris
1021 2839 1214 2923 defunctae)

368 2968 543 3043 unguento
567 2968 603 3024 et
626 2959 716 3024 soleo
740 2961 892 3043 rosisque
916 2959 1054 3044 plenum

370 3089 408 3144 ut
433 3101 559 3144 numen
584 3080 666 3143 colit
690 3081 811 3144 anxius
836 3080 1007 3144 merentis.

371 3222 499 3285 parcas,
525 3222 596 3279 or0,
621 3203 705 3278 viro,
730 3201 843 3285 puella
868 3222 988 3286 parcas
1059 3181 1061 3187 Ι

370 3328 408 3384 ut
431 3323 540 3404 possit
563 3322 626 3385 tibi
651 3322 815 3405 plurimos
840 3344 901 3407 per
925 3342 1032 3387 annos

371 3461 449 3504 curn
473 3442 572 3506 sertis
597 3443 678 3506 dare
702 3443 790 3506 iusta
814 3462 902 3525 quae
927 3443 1064 3506 dicavit.

180 3579 206 3648 1)
225 3580 259 3631 cf.
278 3583 379 3632 Dessau
399 3581 466 3633 8201
477 3597 509 3633 a:
528 3590 566 3649 tu,
585 3584 632 3648 qui
651 3583 718 3649 legis
738 3589 764 3634 et
780 3583 884 3634 dubitas
900 3583 994 3634 Manes
1004 3599 1072 3647 esse,
1080 3583 1223 3649 sponsione
1231 3581 1300 3634 iacta

147 3667 243 3718 invoca
261 3684 310 3718 nos
329 3675 356 3718 et
374 3669 525 3734 intelleges.

178 3753 207 3821 2)
225 3754 259 3804 cf.
287 3755 350 3805 Bch.
378 3765 445 3820 975:
470 3772 579 3822 corpore
604 3762 760 3822 consumpto
778 3757 839 3807 viva
857 3757 944 3808 anima
962 3757 1026 3808 deus
1046 3774 1110 3808 sum.
1129 3758 1193 3808 Bch.
1215 3769 1297 3821 1109:

149 3841 241 3892 desine
269 3841 330 3891 flere
359 3840 445 3893 deum.
472 3839 593 3894 Adnotat
619 3843 772 3893 BSchrdder
789 3843 833 3894 1.1.
852 3860 879 3910 p.
899 3844 947 3909 63:
969 3844 1103 3911 „Wichtig
1118 3845 1165 3895 das
1183 3843 1298 3894 Gedicht

149 3927 248 3993 „durch
267 3928 310 3978 die
328 3928 403 3978 friihe
422 3929 479 3979 Zeit
498 3929 553 3979 und
571 3929 615 3980 die
634 3929 815 3981 Deutlichkeit
832 3931 881 3981 mit
899 3930 946 3981 der
962 3931 991 3981 iu
1009 3931 1065 3981 ihm
1082 3931 1130 3982 der
1144 3930 1247 3982 Glaube
1263 3947 1296 3982 an

149 4015 333 4081 „Vergottuug
351 4015 529 4066 hervortritt.”

147 4101 211 4152 Bch.
234 4111 301 4167 1532
320 4101 493 4169 (simillimum
512 4102 577 4172 974)
591 4129 615 4151 =
629 4105 731 4156 Dessau
751 4103 835 4155 8168:

338 4195 440 4239 mortua
458 4190 517 4240 heic
536 4207 586 4256 ego
605 4199 706 4242 sumet
725 4207 782 4240 sum
801 4191 878 4258 cinis,
896 4192 919 4241 is
938 4191 1005 4241 cinis
1023 4197 1123 4257 terrast,

337 4276 394 4325 sein
414 4283 453 4326 est
475 4284 541 4327 terra
560 4278 619 4344 dea,
638 4295 687 4342 ego
706 4295 763 4328 sum
781 4277 839 4344 dea,
858 4287 959 4328 mortua
978 4295 1032 4328 non
1051 4295 1116 4330 sum.

148 4361 197 4412 Est
216 4362 368 4428 Epicharmi
387 4364 548 4429 epigramma
567 4364 645 4431 (ng.
664 4366 692 4414 P.
702 4366 733 4414 L.
745 4365 777 4414 G.
797 4364 842 4414 11³
861 4381 888 4430 p.
909 4367 969 4431 569,
989 4366 1034 4414 ubi
1053 4365 1107 4415 vid.
1126 4364 1243 4434 adnot.):

99 4457 101 4459 ’
358 4446 411 4508 εἰμὶ
429 4449 517 4509 νεκρός,
536 4449 617 4510 νεκρὸς
634 4447 661 4498 δὲ
679 4451 776 4511 κόπρος,
792 4451 826 4512 γῆ
845 4447 883 4506 δίἱ
901 4451 990 4511 κόπρος
1008 4445 1088 4511 inlu,

391 4527 414 4578 εἷ
431 4528 457 4578 δέ
477 4546 507 4579 τε
525 4533 559 4593 γῆ
578 4533 658 4593 νεκρός
676 4527 741 4588 ἐστ’,
759 4529 785 4581 οὐ
805 4532 893 4592 νεκρός,
913 4530 984 4580 ἀλλὰ
1002 4531 1062 4590 θεός.

145 4614 178 4664 cf.
200 4615 263 4664 Bch.
283 4628 326 4680 94,
349 4625 425 4680 1277,
448 4613 515 4664 1288
536 4614 699 4681 (BSchrdder
715 4616 758 4666 l.l.
776 4633 803 4681 p.
814 4615 868 4682 61).
890 4617 944 4666 Cic.
965 4616 997 4666 de
1016 4617 1067 4681 leg.
1078 4619 1113 4669 11.
1124 4619 1300 4669 22zDeorum

148 4701 269 4751 Manium
296 4701 352 4750 iura
378 4710 467 4751 sancta
494 4710 587 4752 sunto:
615 4719 658 4753 sos
683 4703 737 4752 leto
763 4704 838 4753 datos
857 4703 932 4753 divos
951 4704 1076 4754 habento.
1095 4704 1159 4754 ibid.
1180 4714 1228 4771 55:
1247 4706 1299 4757 uisi

149 4788 261 4839 maiores
278 4803 332 4856 eos,
351 4789 397 4854 qui
416 4804 448 4839 ex
466 4789 515 4840 hnc
534 4790 588 4840 vita
605 4791 769 4858 migrassent,
787 4791 815 4840 in
833 4791 941 4842 deorum
957 4807 1064 4842 numero
1080 4807 1137 4842 esse
1146 4792 1298 4844 voluissent.
