<?xml version="1.0" encoding="UTF-8"?>
<!DOCTYPE html PUBLIC "-//W3C//DTD XHTML 1.0 Transitional//EN"
    "http://www.w3.org/TR/xhtml1/DTD/xhtml1-transitional.dtd">
<html xmlns="http://www.w3.org/1999/xhtml" xml:lang="en" lang="en">
 <head>
  <title>
</title>
<meta http-equiv="Content-Type" content="text/html;charset=utf-8" />
  <meta name='ocr-system' content='tesseract 3.04.00' />
  <meta name='ocr-capabilities' content='ocr_page ocr_carea ocr_par ocr_line ocrx_word'/>
</head>
<body>
  <div class='ocr_page' id='page_1' title='image "./quaedehominumpo00bleegoog_0037.png"; bbox 0 0 3134 5476; ppageno 0'>
   <div class='ocr_carea' id='block_1_1' title="bbox 756 362 800 422">
    <p class='ocr_par' dir='ltr' id='par_1_1' title="bbox 756 362 800 422">
     <span class='ocr_line' id='line_1_1' title="bbox 756 362 800 422; baseline 0 -14"><span class='ocrx_word' id='word_1_1' title='bbox 756 362 800 422; x_wconf 83' lang='lat'>24</span> 
     </span>
    </p>
   </div>
   <div class='ocr_carea' id='block_1_2' title="bbox 204 525 1357 1570">
    <p class='ocr_par' dir='ltr' id='par_1_2' title="bbox 204 525 1357 955">
     <span class='ocr_line' id='line_1_2' title="bbox 251 525 1357 612; baseline -0.005 -18"><span class='ocrx_word' id='word_1_2' title='bbox 251 533 346 595; x_wconf 82' lang='lat' dir='ltr'>Haec</span> <span class='ocrx_word' id='word_1_3' title='bbox 379 528 538 612; x_wconf 76' lang='lat' dir='ltr'>exempla</span> <span class='ocrx_word' id='word_1_4' title='bbox 572 527 702 591; x_wconf 73' lang='lat' dir='ltr'>Graem</span> <span class='ocrx_word' id='word_1_5' title='bbox 737 525 913 598; x_wconf 85' lang='lat' dir='ltr'>sufficiant,</span> <span class='ocrx_word' id='word_1_6' title='bbox 943 525 1068 606; x_wconf 87' lang='lat' dir='ltr'>quibus</span> <span class='ocrx_word' id='word_1_7' title='bbox 1097 527 1357 589; x_wconf 80' lang='lat' dir='ltr'>demonstretur</span> 
     </span>
     <span class='ocr_line' id='line_1_3' title="bbox 204 647 1357 735; baseline -0.006 -20"><span class='ocrx_word' id='word_1_8' title='bbox 204 662 417 735; x_wconf 81' lang='lat' dir='ltr'>quantopere</span> <span class='ocrx_word' id='word_1_9' title='bbox 440 650 572 712; x_wconf 84' lang='lat' dir='ltr'>animos</span> <span class='ocrx_word' id='word_1_10' title='bbox 594 656 748 711; x_wconf 84' lang='lat' dir='ltr'>veterum</span> <span class='ocrx_word' id='word_1_11' title='bbox 767 647 954 730; x_wconf 76' lang='lat' dir='ltr'>pervaserit</span> <span class='ocrx_word' id='word_1_12' title='bbox 972 647 1091 728; x_wconf 89' lang='lat' dir='ltr'>opinio</span> <span class='ocrx_word' id='word_1_13' title='bbox 1110 655 1259 709; x_wconf 80' lang='lat' dir='ltr'>mortem</span> <span class='ocrx_word' id='word_1_14' title='bbox 1279 666 1357 708; x_wconf 87' lang='lat' dir='ltr'>esse</span> 
     </span>
     <span class='ocr_line' id='line_1_4' title="bbox 205 766 1357 852; baseline -0.007 -17"><span class='ocrx_word' id='word_1_15' title='bbox 205 773 296 835; x_wconf 78' lang='lat' dir='ltr'>vitae</span> <span class='ocrx_word' id='word_1_16' title='bbox 318 772 459 852; x_wconf 81' lang='lat' dir='ltr'>eiusque</span> <span class='ocrx_word' id='word_1_17' title='bbox 478 768 645 831; x_wconf 87' lang='lat' dir='ltr'>malorum</span> <span class='ocrx_word' id='word_1_18' title='bbox 663 767 766 830; x_wconf 87' lang='lat' dir='ltr'><strong>finem</strong></span> <span class='ocrx_word' id='word_1_19' title='bbox 785 767 1048 849; x_wconf 78' lang='lat' dir='ltr'>optatissimum</span> <span class='ocrx_word' id='word_1_20' title='bbox 1069 766 1123 828; x_wconf 76' lang='lat' dir='ltr'>Ne</span> <span class='ocrx_word' id='word_1_21' title='bbox 1143 766 1208 828; x_wconf 85' lang='lat' dir='ltr'>sim</span> <span class='ocrx_word' id='word_1_22' title='bbox 1228 766 1357 828; x_wconf 88' lang='lat' dir='ltr'>nimius</span> 
     </span>
     <span class='ocr_line' id='line_1_5' title="bbox 207 888 748 955; baseline -0.007 -1"><span class='ocrx_word' id='word_1_23' title='bbox 207 891 331 955; x_wconf 86' lang='lat' dir='ltr'>Latina</span> <span class='ocrx_word' id='word_1_24' title='bbox 352 898 487 952; x_wconf 90' lang='lat' dir='ltr'>tautum</span> <span class='ocrx_word' id='word_1_25' title='bbox 510 888 580 950; x_wconf 90' lang='lat' dir='ltr'>duo</span> <span class='ocrx_word' id='word_1_26' title='bbox 602 889 748 951; x_wconf 86' lang='lat' dir='ltr'>addam:</span> 
     </span>
    </p>

    <p class='ocr_par' dir='ltr' id='par_1_3' title="bbox 204 1005 1356 1570">
     <span class='ocr_line' id='line_1_6' title="bbox 204 1005 1356 1092; baseline -0.006 -18"><span class='ocrx_word' id='word_1_27' title='bbox 204 1010 388 1075; x_wconf 74' lang='lat' dir='ltr'>CieTuse</span> <span class='ocrx_word' id='word_1_28' title='bbox 400 1010 488 1092; x_wconf 86' lang='lat' dir='ltr'><strong>disp.</strong></span> <span class='ocrx_word' id='word_1_29' title='bbox 507 1009 629 1072; x_wconf 87' lang='lat'>1.8.16:</span> <span class='ocrx_word' id='word_1_30' title='bbox 651 1008 816 1091; x_wconf 88' lang='lat' dir='ltr'>quoniam</span> <span class='ocrx_word' id='word_1_31' title='bbox 839 1014 918 1089; x_wconf 85' lang='lat' dir='ltr'>post</span> <span class='ocrx_word' id='word_1_32' title='bbox 942 1014 1089 1069; x_wconf 87' lang='lat' dir='ltr'>mortem</span> <span class='ocrx_word' id='word_1_33' title='bbox 1113 1006 1161 1069; x_wconf 90' lang='lat' dir='ltr'>nil</span> <span class='ocrx_word' id='word_1_34' title='bbox 1185 1005 1265 1069; x_wconf 88' lang='lat' dir='ltr'>mali</span> <span class='ocrx_word' id='word_1_35' title='bbox 1289 1012 1356 1069; x_wconf 81' lang='lat' dir='ltr'>est.</span> 
     </span>
     <span class='ocr_line' id='line_1_7' title="bbox 205 1127 619 1214; baseline -0.01 -20"><span class='ocrx_word' id='word_1_36' title='bbox 205 1129 429 1214; x_wconf 85' lang='lat' dir='ltr'>Epitaphium</span> <span class='ocrx_word' id='word_1_37' title='bbox 451 1127 619 1194; x_wconf 83' lang='lat' dir='ltr'>Senecae:</span> 
     </span>
     <span class='ocr_line' id='line_1_8' title="bbox 271 1247 1265 1329; baseline -0.003 -16"><span class='ocrx_word' id='word_1_38' title='bbox 271 1271 361 1324; x_wconf 90' lang='lat' dir='ltr'>cura,</span> <span class='ocrx_word' id='word_1_39' title='bbox 383 1248 490 1323; x_wconf 89' lang='lat' dir='ltr'>labor,</span> <span class='ocrx_word' id='word_1_40' title='bbox 515 1250 682 1321; x_wconf 87' lang='lat' dir='ltr'>meritum,</span> <span class='ocrx_word' id='word_1_41' title='bbox 706 1248 833 1329; x_wconf 88' lang='lat' dir='ltr'>sumpti</span> <span class='ocrx_word' id='word_1_42' title='bbox 857 1267 919 1329; x_wconf 90' lang='lat' dir='ltr'>pro</span> <span class='ocrx_word' id='word_1_43' title='bbox 943 1267 1083 1309; x_wconf 87' lang='lat' dir='ltr'>munere</span> <span class='ocrx_word' id='word_1_44' title='bbox 1105 1247 1265 1322; x_wconf 70' lang='lat' dir='ltr'>bonores,</span> 
     </span>
     <span class='ocr_line' id='line_1_9' title="bbox 361 1367 1107 1451; baseline 0 -21"><span class='ocrx_word' id='word_1_45' title='bbox 361 1369 417 1443; x_wconf 92' lang='lat' dir='ltr'>ite,</span> <span class='ocrx_word' id='word_1_46' title='bbox 443 1369 525 1432; x_wconf 85' lang='lat' dir='ltr'>alias</span> <span class='ocrx_word' id='word_1_47' title='bbox 548 1377 627 1451; x_wconf 84' lang='lat' dir='ltr'>post</span> <span class='ocrx_word' id='word_1_48' title='bbox 650 1369 738 1431; x_wconf 91' lang='lat' dir='ltr'>hanc</span> <span class='ocrx_word' id='word_1_49' title='bbox 761 1367 942 1430; x_wconf 88' lang='lat' dir='ltr'>sollicitate</span> <span class='ocrx_word' id='word_1_50' title='bbox 966 1368 1107 1430; x_wconf 75' lang='lat' dir='ltr'>animas</span> 
     </span>
     <span class='ocr_line' id='line_1_10' title="bbox 206 1487 789 1570; baseline -0.005 -18"><span class='ocrx_word' id='word_1_51' title='bbox 206 1488 364 1554; x_wconf 88' lang='lat' dir='ltr'>Ceterum</span> <span class='ocrx_word' id='word_1_52' title='bbox 387 1488 429 1553; x_wconf 83' lang='lat' dir='ltr'>ci.</span> <span class='ocrx_word' id='word_1_53' title='bbox 454 1489 491 1552; x_wconf 91' lang='lat' dir='ltr'>B.</span> <span class='ocrx_word' id='word_1_54' title='bbox 516 1488 596 1553; x_wconf 90' lang='lat' dir='ltr'>Lier</span> <span class='ocrx_word' id='word_1_55' title='bbox 619 1487 670 1551; x_wconf 92' lang='lat' dir='ltr'>1.l.</span> <span class='ocrx_word' id='word_1_56' title='bbox 694 1487 713 1570; x_wconf 68' lang='grc' dir='ltr'><strong>ξ</strong></span> <span class='ocrx_word' id='word_1_57' title='bbox 737 1502 789 1569; x_wconf 83' lang='lat'>35.</span> 
     </span>
    </p>
   </div>
   <div class='ocr_carea' id='block_1_3' title="bbox 203 1909 1359 3197">
    <p class='ocr_par' dir='ltr' id='par_1_4' title="bbox 203 1909 1359 3197">
     <span class='ocr_line' id='line_1_11' title="bbox 250 1909 1357 1994; baseline -0.003 -19"><span class='ocrx_word' id='word_1_58' title='bbox 250 1924 266 1986; x_wconf 84' lang='lat' dir='ltr'>s</span> <span class='ocrx_word' id='word_1_59' title='bbox 289 1930 321 1993; x_wconf 90' lang='lat'>4.</span> <span class='ocrx_word' id='word_1_60' title='bbox 345 1911 432 1976; x_wconf 90' lang='lat' dir='ltr'>Sunt</span> <span class='ocrx_word' id='word_1_61' title='bbox 451 1910 550 1985; x_wconf 91' lang='lat' dir='ltr'>tituli,</span> <span class='ocrx_word' id='word_1_62' title='bbox 572 1909 695 1994; x_wconf 91' lang='lat' dir='ltr'>quibus</span> <span class='ocrx_word' id='word_1_63' title='bbox 713 1911 796 1973; x_wconf 90' lang='lat' dir='ltr'>dum</span> <span class='ocrx_word' id='word_1_64' title='bbox 815 1912 886 1973; x_wconf 84' lang='lat' dir='ltr'>vita</span> <span class='ocrx_word' id='word_1_65' title='bbox 904 1911 1113 1993; x_wconf 85' lang='lat' dir='ltr'>suppeditat,</span> <span class='ocrx_word' id='word_1_66' title='bbox 1130 1910 1221 1973; x_wconf 86' lang='lat' dir='ltr'>vitae</span> <span class='ocrx_word' id='word_1_67' title='bbox 1235 1909 1357 1993; x_wconf 82' lang='lat' dir='ltr'>volup-</span> 
     </span>
     <span class='ocr_line' id='line_1_12' title="bbox 206 2029 1356 2114; baseline -0.004 -16"><span class='ocrx_word' id='word_1_68' title='bbox 206 2034 334 2098; x_wconf 89' lang='lat' dir='ltr'>tatibus</span> <span class='ocrx_word' id='word_1_69' title='bbox 357 2030 536 2095; x_wconf 87' lang='lat' dir='ltr'>fruendum</span> <span class='ocrx_word' id='word_1_70' title='bbox 556 2051 629 2094; x_wconf 90' lang='lat' dir='ltr'>esse</span> <span class='ocrx_word' id='word_1_71' title='bbox 649 2031 783 2093; x_wconf 90' lang='lat' dir='ltr'>dicitur.</span> <span class='ocrx_word' id='word_1_72' title='bbox 804 2029 958 2112; x_wconf 87' lang='lat' dir='ltr'>Quorum</span> <span class='ocrx_word' id='word_1_73' title='bbox 978 2031 1155 2094; x_wconf 91' lang='lat' dir='ltr'>titulorum</span> <span class='ocrx_word' id='word_1_74' title='bbox 1174 2051 1356 2114; x_wconf 87' lang='lat' dir='ltr'>argumen-</span> 
     </span>
     <span class='ocr_line' id='line_1_13' title="bbox 206 2151 1357 2236; baseline -0.003 -19"><span class='ocrx_word' id='word_1_75' title='bbox 206 2162 280 2217; x_wconf 91' lang='lat' dir='ltr'>tum</span> <span class='ocrx_word' id='word_1_76' title='bbox 315 2174 359 2217; x_wconf 88' lang='lat' dir='ltr'>ex</span> <span class='ocrx_word' id='word_1_77' title='bbox 393 2152 531 2236; x_wconf 90' lang='lat' dir='ltr'>Epicuri</span> <span class='ocrx_word' id='word_1_78' title='bbox 567 2152 748 2235; x_wconf 86' lang='lat' dir='ltr'>praecipue</span> <span class='ocrx_word' id='word_1_79' title='bbox 783 2151 940 2214; x_wconf 86' lang='lat' dir='ltr'>doctrina</span> <span class='ocrx_word' id='word_1_80' title='bbox 972 2160 1148 2234; x_wconf 89' lang='lat' dir='ltr'>sumptum</span> <span class='ocrx_word' id='word_1_81' title='bbox 1178 2173 1254 2215; x_wconf 87' lang='lat' dir='ltr'>esse</span> <span class='ocrx_word' id='word_1_82' title='bbox 1284 2171 1357 2213; x_wconf 90' lang='lat' dir='ltr'>non</span> 
     </span>
     <span class='ocr_line' id='line_1_14' title="bbox 206 2271 1358 2354; baseline -0.002 -18"><span class='ocrx_word' id='word_1_83' title='bbox 206 2273 340 2336; x_wconf 91' lang='lat' dir='ltr'>videtur</span> <span class='ocrx_word' id='word_1_84' title='bbox 374 2281 650 2336; x_wconf 85' lang='lat' dir='ltr'>consentaneum.</span> <span class='ocrx_word' id='word_1_85' title='bbox 683 2272 821 2354; x_wconf 89' lang='lat' dir='ltr'>Epicuri</span> <span class='ocrx_word' id='word_1_86' title='bbox 844 2272 936 2334; x_wconf 90' lang='lat' dir='ltr'>enim</span> <span class='ocrx_word' id='word_1_87' title='bbox 960 2273 1117 2353; x_wconf 89' lang='lat' dir='ltr'>quamvis</span> <span class='ocrx_word' id='word_1_88' title='bbox 1138 2281 1176 2335; x_wconf 88' lang='lat' dir='ltr'>et</span> <span class='ocrx_word' id='word_1_89' title='bbox 1197 2271 1358 2354; x_wconf 93' lang='lat' dir='ltr'>discipuli</span> 
     </span>
     <span class='ocr_line' id='line_1_15' title="bbox 207 2391 1358 2456; baseline 0 -2"><span class='ocrx_word' id='word_1_90' title='bbox 207 2399 243 2455; x_wconf 93' lang='lat' dir='ltr'>et</span> <span class='ocrx_word' id='word_1_91' title='bbox 276 2400 462 2456; x_wconf 86' lang='lat' dir='ltr'>sectatores</span> <span class='ocrx_word' id='word_1_92' title='bbox 492 2391 648 2455; x_wconf 89' lang='lat' dir='ltr'>homines</span> <span class='ocrx_word' id='word_1_93' title='bbox 676 2399 789 2454; x_wconf 90' lang='lat' dir='ltr'>essent</span> <span class='ocrx_word' id='word_1_94' title='bbox 820 2391 974 2454; x_wconf 91' lang='lat' dir='ltr'>omnium</span> <span class='ocrx_word' id='word_1_95' title='bbox 1005 2392 1165 2455; x_wconf 85' lang='lat' dir='ltr'>ordinum</span> <span class='ocrx_word' id='word_1_96' title='bbox 1189 2400 1225 2455; x_wconf 92' lang='lat' dir='ltr'>et</span> <span class='ocrx_word' id='word_1_97' title='bbox 1247 2413 1293 2454; x_wconf 86' lang='lat' dir='ltr'>ex</span> <span class='ocrx_word' id='word_1_98' title='bbox 1315 2392 1358 2454; x_wconf 92' lang='lat' dir='ltr'>iis</span> 
     </span>
     <span class='ocr_line' id='line_1_16' title="bbox 203 2509 1357 2594; baseline -0.001 -19"><span class='ocrx_word' id='word_1_99' title='bbox 203 2513 285 2575; x_wconf 89' lang='lat' dir='ltr'>satis</span> <span class='ocrx_word' id='word_1_100' title='bbox 321 2510 445 2576; x_wconf 90' lang='lat' dir='ltr'>multos</span> <span class='ocrx_word' id='word_1_101' title='bbox 480 2510 580 2574; x_wconf 88' lang='lat' dir='ltr'>fuisse</span> <span class='ocrx_word' id='word_1_102' title='bbox 611 2518 754 2586; x_wconf 89' lang='lat' dir='ltr'>constet,</span> <span class='ocrx_word' id='word_1_103' title='bbox 786 2511 845 2593; x_wconf 92' lang='lat' dir='ltr'>qui</span> <span class='ocrx_word' id='word_1_104' title='bbox 869 2509 1104 2594; x_wconf 89' lang='lat' dir='ltr'>voluptatibus</span> <span class='ocrx_word' id='word_1_105' title='bbox 1127 2511 1357 2594; x_wconf 80' lang='lat' dir='ltr'>indulgerent,</span> 
     </span>
     <span class='ocr_line' id='line_1_17' title="bbox 207 2630 1357 2714; baseline 0.001 -18"><span class='ocrx_word' id='word_1_106' title='bbox 207 2633 363 2696; x_wconf 90' lang='lat' dir='ltr'>doctrina</span> <span class='ocrx_word' id='word_1_107' title='bbox 402 2641 517 2695; x_wconf 85' lang='lat' dir='ltr'>tamen</span> <span class='ocrx_word' id='word_1_108' title='bbox 555 2631 713 2695; x_wconf 88' lang='lat' dir='ltr'>libidines</span> <span class='ocrx_word' id='word_1_109' title='bbox 747 2630 984 2714; x_wconf 88' lang='lat' dir='ltr'>luxuriamque</span> <span class='ocrx_word' id='word_1_110' title='bbox 1021 2653 1090 2696; x_wconf 89' lang='lat' dir='ltr'>non</span> <span class='ocrx_word' id='word_1_111' title='bbox 1124 2635 1357 2709; x_wconf 88' lang='lat' dir='ltr'>commendat,</span> 
     </span>
     <span class='ocr_line' id='line_1_18' title="bbox 206 2748 1357 2837; baseline 0.003 -22"><span class='ocrx_word' id='word_1_112' title='bbox 206 2759 328 2837; x_wconf 89' lang='lat' dir='ltr'>utpote</span> <span class='ocrx_word' id='word_1_113' title='bbox 361 2772 449 2836; x_wconf 88' lang='lat' dir='ltr'>quae</span> <span class='ocrx_word' id='word_1_114' title='bbox 483 2771 561 2814; x_wconf 91' lang='lat' dir='ltr'>cum</span> <span class='ocrx_word' id='word_1_115' title='bbox 595 2752 699 2814; x_wconf 89' lang='lat' dir='ltr'>animi</span> <span class='ocrx_word' id='word_1_116' title='bbox 734 2748 894 2831; x_wconf 67' lang='grc' dir='ltr'>ἐπιμιξίᾳ</span> <span class='ocrx_word' id='word_1_117' title='bbox 928 2772 1018 2835; x_wconf 87' lang='lat' dir='ltr'>quae</span> <span class='ocrx_word' id='word_1_118' title='bbox 1048 2754 1182 2830; x_wconf 91' lang='lat' dir='ltr'>dicitur,</span> <span class='ocrx_word' id='word_1_119' title='bbox 1215 2756 1357 2818; x_wconf 91' lang='lat' dir='ltr'>minime</span> 
     </span>
     <span class='ocr_line' id='line_1_19' title="bbox 206 2869 1357 2958; baseline 0.004 -24"><span class='ocrx_word' id='word_1_120' title='bbox 206 2871 413 2934; x_wconf 89' lang='lat' dir='ltr'>conveniant</span> <span class='ocrx_word' id='word_1_121' title='bbox 429 2869 461 2955; x_wconf 85' lang='lat'>¹).</span> <span class='ocrx_word' id='word_1_122' title='bbox 496 2871 552 2934; x_wconf 88' lang='lat' dir='ltr'>Ex</span> <span class='ocrx_word' id='word_1_123' title='bbox 581 2892 698 2935; x_wconf 90' lang='lat' dir='ltr'>eorum</span> <span class='ocrx_word' id='word_1_124' title='bbox 729 2873 843 2956; x_wconf 92' lang='lat' dir='ltr'>potius</span> <span class='ocrx_word' id='word_1_125' title='bbox 874 2873 1046 2937; x_wconf 88' lang='lat' dir='ltr'>sententia</span> <span class='ocrx_word' id='word_1_126' title='bbox 1075 2884 1250 2958; x_wconf 89' lang='lat' dir='ltr'>sumptum</span> <span class='ocrx_word' id='word_1_127' title='bbox 1281 2897 1357 2939; x_wconf 67' lang='lat' dir='ltr'>eme</span> 
     </span>
     <span class='ocr_line' id='line_1_20' title="bbox 206 2991 1357 3077; baseline 0.004 -23"><span class='ocrx_word' id='word_1_128' title='bbox 206 2991 341 3055; x_wconf 89' lang='lat' dir='ltr'>videtur</span> <span class='ocrx_word' id='word_1_129' title='bbox 375 2991 443 3055; x_wconf 85' lang='lat' dir='ltr'>tale</span> <span class='ocrx_word' id='word_1_130' title='bbox 467 3001 715 3075; x_wconf 87' lang='lat' dir='ltr'>argumentum,</span> <span class='ocrx_word' id='word_1_131' title='bbox 739 2994 797 3075; x_wconf 93' lang='lat' dir='ltr'>qui</span> <span class='ocrx_word' id='word_1_132' title='bbox 823 3002 969 3057; x_wconf 89' lang='lat' dir='ltr'>mortem</span> <span class='ocrx_word' id='word_1_133' title='bbox 995 3015 1132 3077; x_wconf 90' lang='lat' dir='ltr'>prorsus</span> <span class='ocrx_word' id='word_1_134' title='bbox 1153 3016 1228 3059; x_wconf 87' lang='lat' dir='ltr'>esse</span> <span class='ocrx_word' id='word_1_135' title='bbox 1251 2995 1357 3059; x_wconf 85' lang='lat' dir='ltr'>finem</span> 
     </span>
     <span class='ocr_line' id='line_1_21' title="bbox 207 3112 1359 3197; baseline 0.003 -23"><span class='ocrx_word' id='word_1_136' title='bbox 207 3119 367 3194; x_wconf 91' lang='lat' dir='ltr'>putarent</span> <span class='ocrx_word' id='word_1_137' title='bbox 402 3120 461 3176; x_wconf 89' lang='lat' dir='ltr'>aut</span> <span class='ocrx_word' id='word_1_138' title='bbox 492 3112 583 3175; x_wconf 86' lang='lat' dir='ltr'>vitae</span> <span class='ocrx_word' id='word_1_139' title='bbox 614 3120 672 3174; x_wconf 88' lang='lat' dir='ltr'>aut</span> <span class='ocrx_word' id='word_1_140' title='bbox 694 3112 911 3195; x_wconf 87' lang='lat' dir='ltr'>voluptatum</span> <span class='ocrx_word' id='word_1_141' title='bbox 935 3114 1058 3178; x_wconf 88' lang='lat' dir='ltr'>saltem</span> <span class='ocrx_word' id='word_1_142' title='bbox 1082 3136 1209 3190; x_wconf 91' lang='lat' dir='ltr'>earum,</span> <span class='ocrx_word' id='word_1_143' title='bbox 1232 3116 1359 3197; x_wconf 89' lang='lat' dir='ltr'>quibus</span> 
     </span>
    </p>
   </div>
   <div class='ocr_carea' id='block_1_4' title="bbox 206 3231 1359 3676">
    <p class='ocr_par' dir='ltr' id='par_1_5' title="bbox 206 3231 1359 3676">
     <span class='ocr_line' id='line_1_22' title="bbox 206 3231 1358 3319; baseline 0.004 -25"><span class='ocrx_word' id='word_1_144' title='bbox 206 3233 361 3295; x_wconf 91' lang='lat' dir='ltr'>viventes</span> <span class='ocrx_word' id='word_1_145' title='bbox 407 3232 661 3316; x_wconf 90' lang='lat' dir='ltr'>quodammodo</span> <span class='ocrx_word' id='word_1_146' title='bbox 705 3231 913 3310; x_wconf 88' lang='lat' dir='ltr'>fruerentur,</span> <span class='ocrx_word' id='word_1_147' title='bbox 954 3235 1082 3319; x_wconf 91' lang='lat' dir='ltr'>quique</span> <span class='ocrx_word' id='word_1_148' title='bbox 1123 3257 1160 3299; x_wconf 91' lang='lat' dir='ltr'>se</span> <span class='ocrx_word' id='word_1_149' title='bbox 1202 3245 1358 3299; x_wconf 87' lang='lat' dir='ltr'>mortuos</span> 
     </span>
     <span class='ocr_line' id='line_1_23' title="bbox 207 3351 1359 3438; baseline 0.003 -24"><span class='ocrx_word' id='word_1_150' title='bbox 207 3351 365 3415; x_wconf 90' lang='lat' dir='ltr'>omnibus</span> <span class='ocrx_word' id='word_1_151' title='bbox 388 3351 479 3414; x_wconf 84' lang='lat' dir='ltr'>vitae</span> <span class='ocrx_word' id='word_1_152' title='bbox 502 3352 635 3434; x_wconf 88' lang='lat' dir='ltr'>gaudiis</span> <span class='ocrx_word' id='word_1_153' title='bbox 657 3372 773 3415; x_wconf 87' lang='lat' dir='ltr'>carere</span> <span class='ocrx_word' id='word_1_154' title='bbox 794 3352 950 3418; x_wconf 90' lang='lat' dir='ltr'>dolerent</span> <span class='ocrx_word' id='word_1_155' title='bbox 963 3351 998 3437; x_wconf 88' lang='lat'>²).</span> <span class='ocrx_word' id='word_1_156' title='bbox 1019 3354 1212 3419; x_wconf 87' lang='lat' dir='ltr'>Titulorum</span> <span class='ocrx_word' id='word_1_157' title='bbox 1231 3375 1359 3438; x_wconf 87' lang='lat' dir='ltr'>genera</span> 
     </span>
     <span class='ocr_line' id='line_1_24' title="bbox 207 3472 1358 3554; baseline 0.003 -19"><span class='ocrx_word' id='word_1_158' title='bbox 207 3480 287 3535; x_wconf 89' lang='lat' dir='ltr'>sunt</span> <span class='ocrx_word' id='word_1_159' title='bbox 321 3472 399 3546; x_wconf 90' lang='lat' dir='ltr'>duo,</span> <span class='ocrx_word' id='word_1_160' title='bbox 431 3479 467 3534; x_wconf 88' lang='lat' dir='ltr'>et</span> <span class='ocrx_word' id='word_1_161' title='bbox 498 3491 616 3535; x_wconf 91' lang='lat' dir='ltr'>eorum</span> <span class='ocrx_word' id='word_1_162' title='bbox 646 3472 704 3554; x_wconf 93' lang='lat' dir='ltr'>qui</span> <span class='ocrx_word' id='word_1_163' title='bbox 730 3480 901 3534; x_wconf 90' lang='lat' dir='ltr'>mortuum</span> <span class='ocrx_word' id='word_1_164' title='bbox 924 3473 973 3535; x_wconf 87' lang='lat' dir='ltr'>ita</span> <span class='ocrx_word' id='word_1_165' title='bbox 996 3473 1121 3536; x_wconf 88' lang='lat' dir='ltr'>vixisse</span> <span class='ocrx_word' id='word_1_166' title='bbox 1143 3475 1295 3551; x_wconf 89' lang='lat' dir='ltr'>tradunt,</span> <span class='ocrx_word' id='word_1_167' title='bbox 1319 3482 1358 3537; x_wconf 91' lang='lat' dir='ltr'>ut</span> 
     </span>
     <span class='ocr_line' id='line_1_25' title="bbox 207 3591 1358 3676; baseline 0.003 -22"><span class='ocrx_word' id='word_1_168' title='bbox 207 3592 322 3655; x_wconf 90' lang='lat' dir='ltr'>animo</span> <span class='ocrx_word' id='word_1_169' title='bbox 345 3591 537 3675; x_wconf 85' lang='lat' dir='ltr'>indulgeret</span> <span class='ocrx_word' id='word_1_170' title='bbox 555 3592 715 3673; x_wconf 90' lang='lat' dir='ltr'>vitaeque</span> <span class='ocrx_word' id='word_1_171' title='bbox 735 3592 970 3676; x_wconf 83' lang='lat' dir='ltr'>voluptatibus</span> <span class='ocrx_word' id='word_1_172' title='bbox 987 3592 1162 3670; x_wconf 88' lang='lat' dir='ltr'>frueretur,</span> <span class='ocrx_word' id='word_1_173' title='bbox 1183 3603 1218 3658; x_wconf 93' lang='lat' dir='ltr'>et</span> <span class='ocrx_word' id='word_1_174' title='bbox 1238 3615 1358 3659; x_wconf 91' lang='lat' dir='ltr'>eorum</span> 
     </span>
    </p>
   </div>
   <div class='ocr_carea' id='block_1_5' title="bbox 208 3712 1359 4403">
    <p class='ocr_par' dir='ltr' id='par_1_6' title="bbox 208 3712 1359 4403">
     <span class='ocr_line' id='line_1_26' title="bbox 208 3712 1312 3796; baseline 0.003 -20"><span class='ocrx_word' id='word_1_175' title='bbox 208 3713 266 3796; x_wconf 90' lang='lat' dir='ltr'>qui</span> <span class='ocrx_word' id='word_1_176' title='bbox 289 3712 478 3776; x_wconf 89' lang='lat' dir='ltr'>admonent</span> <span class='ocrx_word' id='word_1_177' title='bbox 499 3713 737 3795; x_wconf 88' lang='lat' dir='ltr'>superstitibus</span> <span class='ocrx_word' id='word_1_178' title='bbox 761 3713 866 3777; x_wconf 88' lang='lat' dir='ltr'>talem</span> <span class='ocrx_word' id='word_1_179' title='bbox 890 3714 996 3778; x_wconf 90' lang='lat' dir='ltr'>vitam</span> <span class='ocrx_word' id='word_1_180' title='bbox 1020 3715 1203 3779; x_wconf 78' lang='lat' dir='ltr'>vivendum</span> <span class='ocrx_word' id='word_1_181' title='bbox 1226 3735 1312 3778; x_wconf 88' lang='lat' dir='ltr'>esse.</span> 
     </span>
     <span class='ocr_line' id='line_1_27' title="bbox 254 3832 651 3916; baseline 0.003 -20"><span class='ocrx_word' id='word_1_182' title='bbox 254 3833 424 3916; x_wconf 88' lang='lat' dir='ltr'>Exempla</span> <span class='ocrx_word' id='word_1_183' title='bbox 447 3841 526 3896; x_wconf 89' lang='lat' dir='ltr'>sunt</span> <span class='ocrx_word' id='word_1_184' title='bbox 548 3832 651 3897; x_wconf 89' lang='lat' dir='ltr'>haec:</span> 
     </span>
     <span class='ocr_line' id='line_1_28' title="bbox 209 3954 1324 4039; baseline 0.001 -20"><span class='ocrx_word' id='word_1_185' title='bbox 209 3954 290 4020; x_wconf 87' lang='lat' dir='ltr'>Bch.</span> <span class='ocrx_word' id='word_1_186' title='bbox 319 3955 397 4038; x_wconf 87' lang='lat'>187:</span> <span class='ocrx_word' id='word_1_187' title='bbox 422 3954 514 4018; x_wconf 92' lang='lat' dir='ltr'>Dum</span> <span class='ocrx_word' id='word_1_188' title='bbox 537 3954 618 4030; x_wconf 86' lang='lat' dir='ltr'>vixi,</span> <span class='ocrx_word' id='word_1_189' title='bbox 642 3955 712 4017; x_wconf 88' lang='lat' dir='ltr'>vixi</span> <span class='ocrx_word' id='word_1_190' title='bbox 736 3955 913 4038; x_wconf 90' lang='lat' dir='ltr'>quomodo</span> <span class='ocrx_word' id='word_1_191' title='bbox 937 3955 1105 4019; x_wconf 89' lang='lat' dir='ltr'>condecet</span> <span class='ocrx_word' id='word_1_192' title='bbox 1128 3956 1324 4039; x_wconf 85' lang='lat' dir='ltr'>ingenuom.</span> 
     </span>
     <span class='ocr_line' id='line_1_29' title="bbox 477 4075 1263 4158; baseline 0.004 -20"><span class='ocrx_word' id='word_1_193' title='bbox 477 4075 571 4158; x_wconf 91' lang='lat' dir='ltr'>quod</span> <span class='ocrx_word' id='word_1_194' title='bbox 594 4076 730 4139; x_wconf 90' lang='lat' dir='ltr'>comedi</span> <span class='ocrx_word' id='word_1_195' title='bbox 753 4083 789 4139; x_wconf 88' lang='lat' dir='ltr'>et</span> <span class='ocrx_word' id='word_1_196' title='bbox 812 4075 916 4152; x_wconf 93' lang='lat' dir='ltr'>ebibi,</span> <span class='ocrx_word' id='word_1_197' title='bbox 940 4085 1074 4140; x_wconf 87' lang='lat' dir='ltr'>tantum</span> <span class='ocrx_word' id='word_1_198' title='bbox 1099 4097 1178 4141; x_wconf 91' lang='lat' dir='ltr'>meu</span> <span class='ocrx_word' id='word_1_199' title='bbox 1200 4085 1263 4141; x_wconf 88' lang='lat' dir='ltr'>est.</span> 
     </span>
     <span class='ocr_line' id='line_1_30' title="bbox 210 4193 401 4260; baseline -0.01 0"><span class='ocrx_word' id='word_1_200' title='bbox 210 4195 306 4260; x_wconf 89' lang='lat' dir='ltr'>Idem</span> <span class='ocrx_word' id='word_1_201' title='bbox 331 4193 401 4258; x_wconf 88' lang='lat' dir='ltr'>fere</span> 
     </span>
     <span class='ocr_line' id='line_1_31' title="bbox 211 4315 1359 4403; baseline 0.003 -23"><span class='ocrx_word' id='word_1_202' title='bbox 211 4315 293 4381; x_wconf 87' lang='lat' dir='ltr'>Bch.</span> <span class='ocrx_word' id='word_1_203' title='bbox 303 4332 385 4397; x_wconf 77' lang='lat'><strong>244:</strong></span> <span class='ocrx_word' id='word_1_204' title='bbox 406 4316 499 4400; x_wconf 89' lang='lat' dir='ltr'>quod</span> <span class='ocrx_word' id='word_1_205' title='bbox 513 4316 568 4381; x_wconf 91' lang='lat' dir='ltr'>edi</span> <span class='ocrx_word' id='word_1_206' title='bbox 581 4316 664 4391; x_wconf 90' lang='lat' dir='ltr'>bibi,</span> <span class='ocrx_word' id='word_1_207' title='bbox 678 4336 812 4381; x_wconf 89' lang='lat' dir='ltr'>mecum</span> <span class='ocrx_word' id='word_1_208' title='bbox 825 4315 946 4394; x_wconf 90' lang='lat' dir='ltr'>habe0,</span> <span class='ocrx_word' id='word_1_209' title='bbox 961 4317 1054 4401; x_wconf 90' lang='lat' dir='ltr'>quod</span> <span class='ocrx_word' id='word_1_210' title='bbox 1068 4317 1199 4401; x_wconf 91' lang='lat' dir='ltr'>reliqui,</span> <span class='ocrx_word' id='word_1_211' title='bbox 1213 4319 1359 4403; x_wconf 89' lang='lat' dir='ltr'>perdidi.</span> 
     </span>
    </p>
   </div>
   <div class='ocr_carea' id='block_1_6' title="bbox 212 4485 399 4500">
    <p class='ocr_par' dir='ltr' id='par_1_7' title="bbox 212 4485 399 4500">
     <span class='ocr_line' id='line_1_32' title="bbox 212 4485 399 4500; baseline 0.016 -2"><span class='ocrx_word' id='word_1_212' title='bbox 212 4485 399 4500; x_wconf 37' lang='grc' dir='ltr'><strong><em>ἡ</em></strong></span> 
     </span>
    </p>
   </div>
   <div class='ocr_carea' id='block_1_7' title="bbox 211 4577 1358 4736">
    <p class='ocr_par' dir='ltr' id='par_1_8' title="bbox 211 4577 1358 4736">
     <span class='ocr_line' id='line_1_33' title="bbox 243 4577 1358 4649; baseline 0.004 -21"><span class='ocrx_word' id='word_1_213' title='bbox 243 4577 269 4645; x_wconf 90' lang='lat'>1)</span> <span class='ocrx_word' id='word_1_214' title='bbox 287 4577 320 4628; x_wconf 84' lang='lat' dir='ltr'>cl.</span> <span class='ocrx_word' id='word_1_215' title='bbox 340 4577 451 4643; x_wconf 85' lang='lat' dir='ltr'>Woltjer</span> <span class='ocrx_word' id='word_1_216' title='bbox 468 4579 511 4630; x_wconf 93' lang='lat' dir='ltr'>l.l.</span> <span class='ocrx_word' id='word_1_217' title='bbox 531 4596 558 4646; x_wconf 88' lang='lat' dir='ltr'>p.</span> <span class='ocrx_word' id='word_1_218' title='bbox 576 4594 602 4643; x_wconf 87' lang='lat'>4.</span> <span class='ocrx_word' id='word_1_219' title='bbox 620 4581 692 4630; x_wconf 87' lang='lat' dir='ltr'>Inter</span> <span class='ocrx_word' id='word_1_220' title='bbox 709 4580 802 4630; x_wconf 88' lang='lat' dir='ltr'>borum</span> <span class='ocrx_word' id='word_1_221' title='bbox 820 4580 956 4633; x_wconf 88' lang='lat' dir='ltr'>titulorum</span> <span class='ocrx_word' id='word_1_222' title='bbox 974 4582 1115 4649; x_wconf 86' lang='lat' dir='ltr'>scriptores</span> <span class='ocrx_word' id='word_1_223' title='bbox 1134 4598 1176 4633; x_wconf 85' lang='lat' dir='ltr'>me</span> <span class='ocrx_word' id='word_1_224' title='bbox 1195 4597 1249 4633; x_wconf 89' lang='lat' dir='ltr'>nou</span> <span class='ocrx_word' id='word_1_225' title='bbox 1261 4597 1358 4647; x_wconf 73' lang='lat' dir='ltr'>negare</span> 
     </span>
     <span class='ocr_line' id='line_1_34' title="bbox 211 4664 801 4736; baseline 0.007 -21"><span class='ocrx_word' id='word_1_226' title='bbox 211 4672 237 4715; x_wconf 90' lang='lat' dir='ltr'>et</span> <span class='ocrx_word' id='word_1_227' title='bbox 256 4664 336 4716; x_wconf 76' lang='lat' dir='ltr'>luisse</span> <span class='ocrx_word' id='word_1_228' title='bbox 353 4665 497 4732; x_wconf 81' lang='lat' dir='ltr'>Epicureos</span> <span class='ocrx_word' id='word_1_229' title='bbox 519 4682 567 4733; x_wconf 87' lang='lat' dir='ltr'>per</span> <span class='ocrx_word' id='word_1_230' title='bbox 583 4683 612 4718; x_wconf 76' lang='lat' dir='ltr'>se</span> <span class='ocrx_word' id='word_1_231' title='bbox 630 4667 801 4736; x_wconf 83' lang='lat' dir='ltr'>intellegitur.</span> 
     </span>
    </p>
   </div>
   <div class='ocr_carea' id='block_1_8' title="bbox 242 4751 622 4824">
    <p class='ocr_par' dir='ltr' id='par_1_9' title="bbox 242 4751 622 4824">
     <span class='ocr_line' id='line_1_35' title="bbox 242 4751 622 4824; baseline 0.011 -21"><span class='ocrx_word' id='word_1_232' title='bbox 242 4751 271 4820; x_wconf 89' lang='lat'>2)</span> <span class='ocrx_word' id='word_1_233' title='bbox 288 4753 322 4804; x_wconf 77' lang='lat' dir='ltr'>cf.</span> <span class='ocrx_word' id='word_1_234' title='bbox 341 4754 444 4805; x_wconf 86' lang='lat' dir='ltr'>Lucret.</span> <span class='ocrx_word' id='word_1_235' title='bbox 463 4767 542 4820; x_wconf 87' lang='lat'>3.912</span> <span class='ocrx_word' id='word_1_236' title='bbox 562 4770 622 4824; x_wconf 75' lang='lat' dir='ltr'>sqq.</span> 
     </span>
    </p>
   </div>
   <div class='ocr_carea' id='block_1_9' title="bbox 0 0 1582 5476">
    <p class='ocr_par' dir='ltr' id='par_1_10' title="bbox 0 0 1582 5476">
     <span class='ocr_line' id='line_1_36' title="bbox 0 0 1582 5476; baseline 0 0"><span class='ocrx_word' id='word_1_237' title='bbox 0 0 1582 5476; x_wconf 95' lang='lat' dir='ltr'> </span> 
     </span>
    </p>
   </div>
  </div>
 </body>
</html>
