3134 5476
760 397 818 466 ¹25

205 565 286 629 Bch.
314 578 395 649 572:
449 572 484 628 et
508 584 583 628 sum
607 572 686 648 post
710 564 845 628 obitum
861 565 967 648 felix.

249 743 322 827 §4
358 741 485 827 Opinio
521 745 565 808 de
601 743 671 806 vita
706 751 785 826 post
816 752 963 808 mortem
997 744 1048 807 sui
1082 743 1219 807 conscia
1252 763 1297 807 ex
1328 743 1368 807 iis

205 884 342 948 quoque
366 863 487 939 elucet,
513 883 600 947 quae
623 863 737 946 capite
762 864 920 946 proximo
941 864 1034 928 dicta
1055 872 1135 927 sunt
1156 864 1200 927 de
1221 865 1363 941 ratione,

204 1004 272 1067 qua
307 983 557 1066 compellantur
585 992 620 1047 et
650 983 840 1047 salutantur
872 983 996 1047 mortui
1022 983 1149 1066 (verbis
1175 992 1367 1066 quaesunt

205 1103 304 1180 have,
329 1103 413 1180 vale,
436 1103 558 1187 χαῖρε),
583 1124 651 1186 qua
670 1104 764 1167 varia
783 1104 823 1167 iis
844 1111 1007 1186 optantur
1021 1103 1076 1186 (sit
1088 1104 1152 1167 tibi
1166 1111 1256 1167 terra
1268 1103 1363 1180 leviS,

206 1244 283 1288 ossa
306 1223 394 1287 bene
418 1223 617 1307 quiescant),
643 1244 779 1306 quaque
803 1223 959 1288 coluntur
982 1224 1127 1288 animae.

254 1344 370 1409 Facile
395 1344 603 1427 intellegitur
622 1364 677 1408 me
698 1345 837 1408 minime
857 1343 1049 1428 perhibere,
1071 1364 1190 1408 omnes
1209 1345 1267 1427 qui
1281 1342 1362 1408 talia

210 1464 360 1529 lacerent
391 1464 649 1529 inscribendave
673 1472 841 1540 curarent,
867 1464 900 1527 in
926 1462 983 1527 illa
1006 1463 1108 1527 fuisse
1132 1465 1293 1546 opinione
1318 1465 1361 1527 de

208 1585 351 1648 mortuis
385 1605 484 1648 sensu
520 1604 590 1648 non
622 1584 816 1648 carentibus
847 1591 884 1648 et
914 1583 1071 1648 consulto
1103 1585 1151 1647 ita
1174 1583 1293 1667 egisse,
1318 1621 1362 1631 -

210 1726 312 1788 quam
337 1704 462 1769 multos
486 1724 601 1769 earum
627 1725 738 1769 rerum
762 1705 848 1788 fugit
873 1706 959 1769 ratio
983 1741 1027 1752 -
1050 1704 1227 1769 sollemnia
1247 1713 1363 1769 tamen

209 1845 248 1889 ac
274 1825 507 1902 caerimonias,
528 1825 705 1890 titulorum
727 1825 832 1889 verba
850 1833 885 1888 et
905 1825 1064 1908 exempla
1077 1826 1120 1889 ab
1133 1824 1190 1890 illa
1202 1826 1364 1909 opinione

212 1945 378 2028 originem
403 1946 539 2009 duxisse
564 1945 635 2009 veri
658 1945 867 2008 simillimum
892 1955 954 2010 est.

255 2064 352 2148 Quae
377 2074 492 2130 autem
513 2067 628 2130 omnia
648 2065 935 2149 praetermittens
958 2067 1041 2129 duas
1061 2086 1115 2129 res
1127 2067 1219 2130 addo
1231 2067 1364 2149 dignas,

212 2207 302 2268 quae
332 2195 654 2263 commemorentur,
685 2187 778 2269 quod
812 2187 851 2249 iis
883 2206 1020 2269 quoque
1051 2186 1170 2250 similis
1194 2186 1364 2270 profertur

212 2307 381 2371 sententia
415 2314 451 2371 et
482 2307 752 2371 commendatur.
777 2305 944 2370 Homines
968 2306 1058 2369 enim
1081 2307 1253 2370 interdum
1278 2308 1363 2370 mori

213 2427 364 2510 cupiunt,
398 2435 435 2491 ut
458 2427 532 2510 ipsa
556 2435 664 2491 morte
688 2446 766 2490 suos
791 2426 940 2490 revisant
963 2425 1154 2489 carissimos
1169 2422 1191 2509 ¹)
1216 2446 1364 2510 cumque

210 2547 251 2611 iis
280 2549 453 2612 coniuncti
485 2555 603 2611 mutua
633 2547 881 2611 consuetudine
912 2555 1050 2610 utantur
1058 2573 1066 2624 ;
1091 2547 1149 2628 qui
1174 2567 1256 2610 vero
1280 2547 1364 2611 nihil

207 2668 371 2744 dicerent,
396 2669 459 2731 nisi
483 2668 638 2732 subesset
657 2688 735 2751 spes
755 2667 837 2743 fore,
859 2675 896 2731 ut
916 2676 994 2750 post
1015 2676 1161 2731 mortem
1182 2668 1246 2730 sibi
1260 2689 1361 2732 sensu

207 2789 371 2870 praeditis
394 2788 641 2852 consuetudine
665 2807 804 2851 suorum
827 2785 890 2851 frui
914 2786 1044 2850 liceret.

256 2907 352 2972 Haec
375 2916 455 2972 sunt
478 2906 657 2991 exempla:

209 3029 290 3093 Bch.
301 3047 386 3112 430:
433 3037 468 3093 et
491 3029 644 3094 solamen
668 3029 732 3092 erit
756 3029 849 3112 quod
875 3036 910 3092 te
934 3028 1002 3092 iam
1026 3028 1162 3113 iamque
1187 3029 1323 3107 videbo,

430 3170 508 3214 cum
532 3151 603 3214 vita
628 3149 764 3213 functus
788 3149 908 3232 iungar
932 3149 978 3213 tis
1003 3149 1123 3213 umbra
1148 3148 1274 3232 figuris.

211 3269 293 3334 Bch.
312 3285 412 3352 1045:
437 3269 550 3334 Cissus
577 3270 672 3346 vivit,
697 3270 757 3333 sed
782 3290 885 3352 quam
910 3270 1057 3352 primum
1081 3271 1176 3354 cupit
1199 3271 1243 3334 ad
1269 3291 1365 3336 suam

477 3391 757 3455 amantissumam
780 3391 959 3473 pervenire
974 3387 1009 3476 ²),

212 3511 294 3576 Bch.
323 3526 380 3594 151
409 3511 462 3596 (cs.
492 3511 583 3595 150):

434 3632 482 3695 Mi
506 3631 563 3708 fili,
585 3639 693 3695 mater
712 3639 812 3714 rogat
831 3639 868 3695 ut
888 3650 942 3694 me
965 3631 1054 3715 (sic!)
1068 3632 1111 3695 ad
1123 3640 1158 3696 te
1172 3632 1315 3716 recipias
1329 3630 1363 3720 ³).

211 3751 293 3816 Bch.
317 3768 385 3833 420
409 3750 483 3816 i.f.:

277 3872 433 3936 condidit
456 3872 544 3935 hanc
568 3871 685 3935 sedem
709 3872 861 3936 coniunx
885 3890 1106 3954 maerensque
1133 3872 1295 3955 diemque

278 4000 466 4075 expectans
489 3992 571 4056 mihi
595 4012 664 4075 quo
688 3991 771 4055 felix
795 3992 944 4055 societur
969 3991 1003 4054 in
1028 4012 1162 4056 aevom.

248 4189 274 4258 1)
292 4191 326 4241 cf.
353 4193 408 4242 Das
435 4189 624 4240 Wiedersehen
649 4188 759 4253 jenseits
778 4189 824 4239 des
843 4190 939 4240 Todes.
958 4188 1026 4239 Eine
1046 4189 1251 4254 geschichtliche
1273 4189 1367 4242 Unter·

188 4314 191 4319 -
214 4278 333 4345 suehung
360 4295 412 4329 von
438 4280 472 4329 D.
492 4278 588 4342 Georg.
607 4278 761 4344 Hoffmann,
779 4277 963 4328 Privatdozent
981 4278 1027 4327 der
1046 4276 1202 4343 Theologie,
1220 4278 1314 4328 Pastor
1332 4294 1366 4328 an

217 4366 255 4416 St.
273 4365 435 4415 Bernhardin
454 4365 482 4414 in
502 4364 617 4414 Breslau.
636 4364 745 4430 Leipzig
766 4364 834 4428 1906
854 4372 879 4415 et
897 4365 935 4415 ibi
954 4363 968 4430 ξ
986 4377 1015 4414 2:
1033 4363 1083 4414 Die
1100 4364 1307 4429 Allgemeinbeit
1317 4365 1364 4415 des

216 4452 580 4516 Wiedersehensgedankens.

244 4538 274 4606 2)
292 4539 366 4588 Haec
384 4537 498 4588 carmina
516 4545 542 4587 et
560 4537 612 4587 alia
631 4538 759 4587 nonnulla
777 4537 895 4588 laudavit
913 4538 997 4588 BLier
1015 4537 1057 4588 l.l.
1075 4536 1216 4604 pars1§8,
1225 4537 1363 4603 disputans

216 4625 248 4675 de
267 4626 437 4692 superstitum
454 4626 590 4675 hominum
608 4626 699 4675 dolore
718 4632 745 4675 et
762 4625 844 4676 luctu.

247 4711 276 4779 3)
294 4713 327 4763 cf.
346 4714 448 4762 Dessau
467 4711 551 4775 8147:
571 4713 660 4777 Lagge
679 4712 726 4780 fili,
743 4712 812 4762 bene
831 4712 960 4779 quiescas,
979 4720 1062 4764 muter
1080 4720 1125 4763 tua
1143 4719 1217 4778 rogat
1236 4719 1262 4763 te
1278 4720 1307 4763 ut
1323 4730 1364 4764 me

218 4797 251 4848 ad
270 4806 295 4848 te
313 4799 433 4864 recipias.
