3134 5476
759 380 821 444 114

210 556 349 622 crepare
372 548 511 620 natura;
536 543 570 607 in
594 552 704 609 morte
729 553 855 621 autem,
880 565 969 628 quae
993 552 1046 609 est
1068 541 1229 624 χωρισμὸς
1253 545 1357 622 ψυχῆς

209 657 273 722 ἀπὸ
298 659 454 740 σώματος,
479 672 517 728 ut
539 665 587 729 ait
607 665 829 750 Chrysippus,
851 667 983 730 animas
1004 665 1193 730 secundum
1207 672 1359 729 naturam

209 801 305 845 suam
319 780 341 866 ¹)
361 783 504 848 sublime
525 783 602 848 lerri
614 781 638 869 ²)
654 785 769 868 ibique
780 782 804 870 8)
817 786 1013 862 consistere,
1028 785 1138 849 donec
1151 783 1182 847 ἐν
1194 783 1359 865 ἐκπυρώσει

209 920 287 965 cum
308 912 423 968 mente
443 905 600 970 universa
619 906 855 990 coniungatur.
869 905 946 989 Qua
958 906 1116 970 doctrina
1129 906 1225 970 ducti
1239 913 1361 989 negant

210 1041 283 1086 esse
308 1022 444 1088 Hadem
458 1021 493 1109 ⁴).

254 1144 301 1208 Et
332 1144 423 1228 vulgi
453 1147 642 1223 sententiis,
673 1166 761 1229 quae
793 1146 890 1211 facile
922 1146 1188 1230 accipiebantur,
1214 1153 1252 1210 et
1276 1166 1362 1210 nova

210 1264 395 1349 Euripidea
418 1265 682 1351 philosophandi
706 1268 849 1344 ratione,
870 1288 938 1350 qua
957 1287 1000 1331 ne
1021 1267 1055 1331 in
1076 1265 1208 1331 funebri
1223 1267 1361 1349 quidem

209 1385 346 1469 publica
380 1386 576 1451 laudatione
601 1388 837 1452 abstinebatur
849 1385 886 1473 ⁸),
909 1395 945 1452 et
968 1388 1069 1472 longe
1092 1387 1231 1470 lateque
1256 1387 1362 1451 divul-

208 1512 289 1588 gata
324 1504 516 1571 Stoicorum
552 1508 718 1584 doctrina,
755 1528 843 1590 quae
877 1509 993 1573 omnia
1027 1509 1125 1591 quasi
1154 1508 1361 1592 cognatione

209 1627 357 1708 quadam
382 1627 470 1691 inter
492 1647 528 1691 se
552 1629 781 1704 continentur,
805 1627 933 1692 lactum
957 1648 1030 1692 esse
1051 1647 1153 1693 nemo
1173 1627 1362 1704 mirabitur,

209 1753 246 1809 ut
270 1747 304 1810 in
328 1745 444 1811 titulos
468 1767 605 1831 quoque
626 1756 698 1812 tam
718 1747 867 1812 Graecos
886 1768 990 1831 quam
1011 1749 1154 1812 Latinos
1173 1747 1257 1812 talia
1269 1748 1362 1812 iden·

208 1866 316 1930 tidem
340 1867 546 1950 irrepserint.
571 1867 667 1951 Quae
691 1889 773 1933 vero
792 1868 932 1952 singulis
952 1869 1152 1945 debeantur,
1174 1889 1244 1933 non
1265 1868 1361 1934 facile

209 2007 346 2070 prorsus
370 1988 584 2084 perspicitur.

254 2107 292 2169 In
316 2107 403 2171 caelo
426 2128 499 2171 esse
523 2108 647 2172 dicitur
669 2108 783 2172 anima
806 2128 833 2171 s.
859 2115 1012 2172 mortuus
1036 2108 1124 2191 ipse:

209 2225 291 2290 Bch.
307 2239 387 2310 591:
412 2227 600 2291 Terrenum
625 2247 759 2312 corpus,
782 2228 939 2292 caelestis
961 2228 1099 2312 spiritus
1123 2230 1157 2293 in
1183 2249 1250 2307 me,

409 2368 477 2432 quo
510 2356 688 2432 repetente
701 2346 725 2433 ὓ)
748 2369 844 2413 suam
867 2349 985 2414 sedem
1010 2368 1099 2413 nunc
1123 2349 1272 2413 vivimus
1294 2348 1361 2413 illic

1099 2469 1171 2552 (ie.
1195 2470 1230 2534 in
1254 2469 1360 2554 caelo)

408 2598 444 2654 et
467 2589 587 2654 fruitur
609 2590 740 2673 superis
764 2596 904 2655 aeterna
927 2589 961 2654 in
984 2588 1060 2653 luce
1085 2589 1250 2654 Fabatus.

208 2710 250 2775 cs.
275 2710 453 2775 Bch.611:
477 2711 537 2774 sed
570 2730 646 2773 mea
677 2710 793 2774 divina
825 2730 894 2774 non
925 2716 978 2773 est
1008 2709 1096 2774 itura
1126 2709 1191 2773 sub
1224 2710 1360 2775 umbras

476 2830 631 2895 caelestis
654 2830 778 2895 anima.

209 2954 290 3018 Bch.
314 2954 398 3037 655:
472 2951 577 3016 habet
601 2951 672 3014 eius
696 2950 806 3014 celum
830 2950 993 3014 animum.

208 3070 250 3135 cl.
274 3070 319 3134 A.
333 3071 369 3134 P.
394 3070 463 3135 VII
486 3073 567 3156 672:
592 3067 661 3151 ἔχει
689 3067 802 3134 κλυτὸν
827 3068 950 3150 οὐροινοο
976 3062 1060 3150 ἦτορ.
1110 3069 1180 3135 Kb.
1209 3088 1283 3152 104.

208 3311 290 3376 Bch.
308 3312 410 3394 1833:
434 3311 529 3376 caelo
554 3314 681 3377 devota
705 3319 820 3376 mente
844 3313 995 3376 recessit.

210 3432 291 3496 Bch.
309 3450 410 3516 1109:
434 3453 515 3497 nam
539 3453 594 3497 me
617 3441 736 3497 sancta
762 3433 881 3497 Venus
893 3434 992 3496 sedes
1005 3452 1075 3496 non
1087 3451 1188 3496 nosse
1199 3432 1361 3496 silentum

223 3582 415 3593 ————

210 3667 281 3717 etin
299 3667 349 3717 hoc
369 3673 460 3732 pectus
479 3665 587 3716 mortale
606 3665 727 3733 defluxit3
746 3664 780 3715 ad
798 3664 878 3715 Helv.
896 3669 971 3714 matr.
990 3663 1056 3726 6.7:
1075 3661 1162 3730 (mens
1180 3662 1308 3732 hominis)
1326 3680 1358 3715 ex

41 3734 44 3738 Δ
115 3823 118 3827 ’
210 3755 256 3804 illo
275 3755 384 3804 coelesti
402 3755 495 3821 spiritu
514 3753 658 3804 descendit.
676 3753 731 3803 Cic.
747 3753 824 3803 Tusc.
842 3752 911 3818 disp.
926 3760 950 3815 5.
964 3762 1005 3814 13.
1016 3749 1060 3817 38,
1069 3751 1162 3800 Horat.
1172 3749 1225 3800 Sat.
1235 3763 1261 3801 2.
1272 3763 1298 3801 2.
1309 3761 1358 3820 793

209 3843 289 3893 etiam
306 3843 528 3907 Pythagoreorum
545 3848 599 3891 erat
618 3841 745 3906 doctrina,
765 3840 820 3890 Cic.
841 3839 897 3889 Cat.
917 3839 955 3888 M.
973 3851 1017 3888 21.
1028 3836 1071 3899 78.

242 3930 268 3997 1)
286 3929 320 3979 cf.
340 3930 409 3980 Sext.
434 3930 493 3979 adv.
513 3929 589 3995 phys.
612 3939 693 3992 1.71:
722 3924 884 3987 λεπτομερεῖς
901 3924 951 3986 γὰρ
970 3917 1043 3972 οὖσαι
1062 3920 1098 3981 οἷς
1113 3922 1173 3980 τοὺς
1190 3920 1240 3972 livor
1257 3925 1358 3984 μᾶλλον

211 4015 305 4072 τόπους
321 4016 522 4077 ιισνφοφορσῦτιν.

241 4098 269 4165 2)
287 4098 320 4148 ef.
340 4098 395 4149 Cic.
415 4099 493 4148 Tusc.
512 4098 581 4163 disp.
604 4111 680 4164 1.40,
702 4110 780 4161 1.42,
801 4107 877 4160 1.43.
896 4094 988 4145 Senec.
1008 4094 1116 4146 Consol.
1134 4093 1167 4144 ad
1187 4095 1359 4163 Marc.25.1,

209 4186 244 4236 ad
262 4186 353 4250 Polyb.
373 4199 398 4248 9.
409 4184 435 4252 8,
457 4196 534 4249 17.1.

240 4273 268 4340 3)
286 4273 304 4322 i.
315 4288 337 4322 e.
356 4273 381 4319 ἐν
397 4274 434 4333 τῷ
453 4267 501 4319 ὑπὸ
519 4268 623 4327 σελήνην
640 4271 721 4331 τόπῳ,
739 4272 787 4321 sub
806 4271 877 4338 luna,
896 4271 921 4317 ἐν
939 4270 976 4330 τῷ
994 4264 1147 4330 περιέχοντι.

239 4360 269 4428 4)
286 4361 401 4426 Epictet.
421 4361 483 4411 diss.
504 4372 582 4423 3.13.
596 4370 645 4426 15:
662 4354 741 4415 σιἰδτῖς
757 4353 855 4417 εἈιδιρς,
867 4353 919 4405 σνδ’
929 4353 1116 4419 Ἀχέριιν,σιίδὲ
1125 4352 1250 4413 Κώκντσς.
1259 4356 1360 4407 Similia

210 4447 300 4497 Senec.
320 4447 353 4497 ad
373 4447 453 4497 Marc.
473 4447 505 4496 de
524 4447 623 4497 consol.
646 4458 722 4510 19.4.
742 4445 775 4496 cf.
796 4445 851 4496 Cic.
868 4447 946 4497 Tusc.
966 4445 1035 4511 disp.
1057 4457 1133 4510 1.10,
1152 4444 1196 4510 36,
1210 4443 1254 4507 48.
1264 4443 1359 4495 Rohdc

208 4533 251 4583 l.l.
271 4534 315 4584 11³
334 4550 396 4600 pgg.
417 4546 478 4601 319,
497 4548 549 4599 320
567 4550 589 4584 c.
609 4534 711 4584 adnott.

240 4620 268 4687 5)
295 4621 329 4670 ef.
352 4622 512 4687 epigramma
535 4621 602 4670 illud
625 4620 801 4669 inhonorem
820 4619 1022 4670 Atheniensium
1039 4617 1203 4685 inscriptum,
1222 4617 1269 4684 qui
1289 4616 1360 4684 apud

210 4708 360 4758 Potidaeam
379 4708 528 4758 ceciderunt
546 4724 616 4757 anno
635 4720 689 4771 432
708 4706 773 4774 (Kb.
794 4707 850 4774 21).

240 4793 270 4859 6)
287 4794 321 4845 cf.
340 4796 403 4845 Bch.
426 4805 508 4861 1559:
527 4795 613 4845 anima
632 4793 705 4844 caelo
725 4794 826 4844 reddita
844 4801 892 4844 est.
