3134 5476
759 414 800 486 ²7

313 579 389 643 κεῖν’
413 575 488 660 ἔχον,
513 573 582 644 ὅστ’
606 577 729 663 ἔφαγον
753 578 806 646 καὶ
832 579 992 663 ἐφύβρισα
1016 578 1070 645 καὶ
1096 579 1152 644 σὺν
1175 576 1261 660 ἔρωτι

314 698 420 781 τέρπν’
444 697 576 765 ἔπαθον·
600 701 643 765 τοι
667 701 699 767 δὲ
723 700 829 767 πολλοὶ
854 700 908 767 καὶ
934 697 1032 770 ὄλβια
1056 697 1165 765 ταντα
1190 698 1352 764 λέλυνται.

203 820 395 885 Menander
417 822 509 905 apud
532 820 726 888 Ausonium
750 823 856 908 epigr.
886 838 944 906 145
970 823 1066 908 (ng.
1087 822 1123 886 Ρ.
1137 822 1177 886 L.
1191 818 1256 886 G.³
1275 840 1353 904 pars

248 940 281 1003 ΙΙ
305 962 338 1024 p.
363 941 457 1026 676):

315 1059 367 1124 Re
391 1060 500 1124 fruere
524 1068 563 1126 ut
586 1069 686 1126 natus
709 1061 880 1140 mortalis;
906 1062 1009 1146 dilige
1033 1062 1094 1126 sed
1119 1080 1190 1124 rem

314 1187 491 1262 tamquam
514 1181 716 1245 immortalis
724 1208 733 1259 ;
757 1202 831 1246 sors
855 1183 889 1245 in
913 1190 1059 1264 utroque
1082 1179 1243 1244 verenda.
1260 1175 1280 1261 ¹)

203 1299 249 1363 A.
263 1300 299 1364 Ρ.
313 1301 382 1364 VII
396 1318 457 1383 32:
481 1300 624 1365 Πολλοὶκι
648 1300 707 1378 μὲν
726 1299 792 1366 τόδ’
812 1299 918 1384 ἄοινα,
936 1299 989 1366 καὶ
1005 1300 1039 1364 ἐκ
1051 1298 1178 1377 τύμβου
1195 1299 1225 1364 δὲ
1239 1297 1356 1377 βοήοιο·

513 1473 517 1479 .
571 1419 694 1501 nivers,
719 1420 788 1503 πρὶν
812 1420 934 1497 ταύτην
957 1417 1202 1503 ἀμφιβαλιιοθε
1225 1417 1317 1483 κόνιν.
1363 1408 1366 1412 ’

203 1538 250 1605 A.
265 1539 300 1604 Ρ.
324 1540 394 1605 VII
420 1560 461 1625 33
487 1543 580 1625 quod
604 1562 741 1606 carmen
766 1543 893 1626 dialogi
918 1543 1024 1608 habet
1047 1542 1211 1606 formam:

270 1658 383 1725 Πολλοὶ
407 1661 483 1725 τιὼν
505 1659 673 1742 τέθνηκας,
696 1659 873 1743 Ἀναιιοεον.
900 1661 1007 1727 Ἀλλὰ
1033 1659 1210 1743 τρυφήσας.

427 1778 483 1846 καὶ
505 1783 544 1848 οὺ
568 1782 600 1848 δὲ
623 1784 667 1860 μὴ
691 1783 787 1848 τίνων
811 1782 893 1862 ἵξεαι
919 1784 961 1855 εἷς
985 1781 1105 1858 Ἀίδην.

206 1902 248 1966 cf.
272 1902 318 1968 A.
332 1903 368 1967 P.
393 1903 462 1968 VII
487 1921 561 1988 219,
589 1921 664 1987 223,
690 1918 766 1987 325,
793 1906 867 1988 326.

207 2023 276 2087 Kb.
300 2042 384 2108 439:
474 2022 618 2104 χαίρετε,
643 2021 854 2106 εὐφραίνεοθέ
878 2046 926 2089 τε·

172 2133 175 2137 ’
473 2149 566 2210 κενῶν
588 2145 652 2226 γὰρ
676 2147 767 2222 >iuria
792 2144 894 2227 τέρμα
918 2143 1053 2226 μόχθων
1077 2145 1094 2219 ἡ
1119 2141 1216 2223 σι’ρος·

207 2266 394 2350 „quidquid
414 2265 608 2331 laboramus
628 2267 798 2331 incassum
818 2267 960 2331 facimus
967 2293 975 2343 ;
991 2286 1082 2330 mors
1095 2266 1188 2330 enim
1199 2263 1359 2329 omnibus

212 2387 332 2469 „rebus
355 2387 432 2451 finis
454 2388 616 2472 imposita
639 2397 700 2453 est.
726 2389 847 2472 ltaque
872 2387 1059 2470 vivamus’f.

210 2506 296 2571 Bull.
322 2509 365 2572 de
389 2527 537 2592 corresp.
562 2507 755 2591 helldnique
780 2531 813 2592 p.
838 2525 921 2590 240:

365 2625 538 2700 Σπεύδετε,
564 2627 621 2702 τὴν
645 2628 755 2709 ψυχὴν
780 2627 966 2710 εὐφραίνετο
990 2626 1128 2693 ταντότε

407 2749 446 2821 ὥς
473 2748 545 2824 ἡδὺς
569 2747 674 2826 βίοτος
700 2749 753 2814 καὶ
778 2745 888 2830 μέτρον
912 2749 978 2814 ἐστὶ
1005 2749 1085 2832 ζοῆς.

344 2864 450 2946 ’μετα
474 2873 581 2934 ταῦτα
604 2867 637 2933 τί
659 2868 723 2950 γαρ
747 2869 859 2948 raim

253 3177 279 3240 s.
306 3181 335 3249 5.
361 3167 440 3231 Non
465 3168 596 3245 dubito,
618 3169 700 3252 quin
720 3169 754 3233 in
776 3168 839 3233 hac
852 3169 928 3233 libri
941 3177 1038 3252 parte
1051 3166 1283 3232 enumeranda
1295 3167 1362 3231 sint

207 3289 359 3351 carmina
394 3308 443 3364 ea,
476 3309 565 3371 quae
596 3290 639 3355 de
673 3298 783 3353 morte
814 3298 991 3372 tamquam
1024 3290 1067 3352 de
1100 3307 1221 3351 somno
1247 3295 1364 3369 agunt.

208 3405 322 3490 Quam
341 3407 599 3472 similitudinem
621 3410 811 3491 comparari
832 3417 968 3472 constat
980 3417 1017 3473 ut
1029 3408 1199 3472 indicetur
1211 3408 1365 3472 omnium

210 3548 323 3591 rerum
346 3527 449 3591 finem
474 3548 547 3591 esse
572 3536 730 3604 mortem,
755 3537 834 3611 post
859 3537 1006 3592 mortem
1029 3536 1145 3592 autern
1171 3527 1254 3592 nihil
1279 3548 1362 3606 esse,

210 3646 340 3712 nullum
363 3669 511 3725 sensum,
534 3647 662 3712 nullam
685 3648 792 3712 vitam
816 3650 866 3712 sui
892 3649 1063 3712 consciam
1078 3645 1112 3731 ²).

211 3768 293 3831 Bch.
317 3769 434 3851 481.3:
503 3768 559 3831 hic
579 3768 669 3831 iacet
688 3777 828 3832 aeterno
846 3769 1025 3832 devinctus
1037 3768 1192 3833 membra
1204 3788 1338 3852 sopore.

212 3889 481 3954 cs.Bch.188.2:
504 3889 747 3954 dormiendum
771 3890 848 3955 heic
872 3900 925 3954 est
950 3890 1032 3954 mihi
1047 3887 1081 3973 ³).

213 4009 357 4094 Saepius
380 4010 414 4074 in
438 4009 544 4074 titulis
568 4009 725 4074 Graecis:

213 4132 281 4196 Kb.
305 4131 390 4213 460:
492 4127 606 4195 ἐνθάδε
629 4129 750 4208 γλυκὺν
776 4127 868 4195 ὕπνον
893 4128 980 4196 lala.

249 4302 274 4370 ι)
293 4301 461 4354 simillimum
478 4303 590 4354 Luciani
609 4304 769 4370 epigramma
789 4304 821 4353 A.
832 4304 861 4352 P.
881 4304 905 4352 X
927 4302 975 4352 26:

463 4386 494 4446 ὥς
512 4390 692 4455 τεθνηξόμενος
709 4392 759 4438 τῶν
777 4391 827 4436 τῶν
844 4386 950 4450 ἀγαθῶν
966 4385 1091 4442 damur,

304 4524 306 4527 ,
463 4469 496 4529 ὥς
513 4467 541 4520 δὲ
557 4472 709 4537 βιασόμενος
727 4468 810 4534 φείδεο
827 4473 877 4519 τῶν
894 4467 1003 4519 κτεάνων
1020 4478 1079 4518 κτλ.

248 4556 277 4625 2)
296 4556 330 4607 cl.
349 4554 521 4607 Friedl'a'nder
540 4555 584 4606 l.l.
604 4572 631 4622 p.
653 4555 713 4620 738.

247 4642 276 4710 3)
293 4643 327 4693 cl.
355 4643 457 4694 Dessau
481 4641 565 4694 8021:
590 4658 690 4692 sommo
714 4642 840 4694 aeternali
859 4641 914 4709 (vel
942 4639 1059 4707 aeterno)
1078 4639 1262 4707 condederunt:
1277 4656 1366 4690 manes

219 4737 387 4795 patronorum
405 4745 518 4780 suorum.
537 4735 564 4780 et
583 4729 648 4779 ibid.
668 4729 748 4797 8022,
766 4728 846 4794 8023,
866 4728 945 4794 8024,
962 4728 1042 4794 8194,
1059 4727 1138 4793 8217,
1156 4726 1236 4791 8231.
1250 4726 1368 4780 fflransiit

219 4815 300 4867 sonna
317 4816 345 4866 in
363 4832 443 4867 carm.
463 4817 559 4867 Christ.
578 4816 641 4867 Bch.
663 4816 746 4880 1369:
765 4815 907 4866 Innodium
924 4815 972 4866 leti
989 4814 1032 4864 hic
1052 4829 1132 4879 sopor
1150 4813 1218 4864 altus
1236 4813 1324 4863 habet.
