3134 5476
744 396 805 462 ¹33

374 561 456 626 ibid.
469 577 546 646 479.
558 563 641 644 480:
666 557 779 639 πᾶτερ,
802 555 956 640 τρόποισιν
984 557 1016 621 οὐ
1039 561 1227 636 τυραννικοῖς
1252 552 1358 631 όοινιόν,

656 679 827 762 αἰτουμένῳ
847 703 899 759 μοι
917 679 966 751 δός
979 675 1090 759 κρᾶπος
1104 677 1163 742 τῶν
1176 681 1234 741 σοῖν
1248 675 1357 754 δόμων.

244 800 405 886 Sophocl.
419 802 544 867 Electr.
557 816 598 884 45
606 820 641 884 3:
655 801 744 865 ωῖτοῦ
769 800 800 864 δὲ
823 799 1055 881 προσπίτνουσα
1080 799 1173 878 γῆόεν
1197 799 1313 876 εὐμενῆ

656 923 730 999 ἡμῖν
758 921 878 1001 ἄρωγόν
902 921 996 986 ωιῖτόν
1021 919 1064 992 εἷς
1088 918 1213 1000 ε’χόροὺς
1235 925 1356 996 μολεῖν.

362 1043 521 1107 Trachin.
540 1060 640 1110 1201:
1065 1045 1147 1118 μενῶ
1172 1041 1202 1104 σ’
1229 1040 1290 1118 ε’γω

654 1163 707 1228 νοοῖ
735 1162 834 1242 νὲρόεν
859 1160 898 1227 ἄν
922 1164 1028 1242 ἄροιῖος
1055 1159 1154 1227 εἷσωεὶ
1187 1158 1299 1242 βιορός.

212 1282 366 1367 Euripid.
391 1282 517 1349 Electr.
541 1285 616 1370 677.
630 1285 713 1369 679:

653 1403 691 1468 σό
713 1404 744 1467 τ’
763 1398 785 1467 ὦ
806 1402 893 1467 ιιᾶτω
913 1408 973 1481 γῆς
997 1399 1123 1474 ἄνοσίως
1135 1401 1233 1478 οἰκῶν,
1246 1397 1358 1481 πᾶπερ,

653 1523 749 1603 ἄμυν’
776 1523 878 1605 ἄμυνε
903 1524 1006 1590 τοῖσδε
1032 1522 1204 1606 φιλτᾶτοις
1227 1520 1356 1594 τέκνοις.

321 1643 456 1709 Heracl.
471 1645 531 1709 fur.
543 1664 627 1729 494:
653 1645 776 1727 ἄρηξον,
802 1645 871 1711 ε’λόὲ
898 1642 957 1710 κᾶν
984 1643 1059 1709 σκιᾶ
1084 1642 1204 1726 Φᾶνηόό
1224 1666 1288 1720 μοι.

255 1765 309 1828 Ex
329 1765 451 1828 ceteris
471 1786 511 1828 ea
530 1773 664 1831 tantum
677 1767 779 1831 velim
792 1787 980 1851 compares,
994 1787 1081 1849 quae
1094 1765 1252 1848 leguntur
1263 1763 1355 1847 apud

209 1884 478 1968 Xenophontem
509 1886 543 1950 in
576 1885 768 1971 Cyropaed.
795 1888 870 1973 8.7.
889 1889 945 1951 18:
969 1893 1032 1957 τοῖς
1058 1885 1088 1950 δὲ
1111 1884 1270 1965 Φόιμένοις
1294 1880 1354 1953 τοῖς

207 2003 306 2084 πιμᾶς
339 2003 494 2082 διαμένειν
528 2004 574 2069 ἔτι
608 2005 647 2070 ἄν
678 2007 807 2080 δοκεῖτε,
842 2008 868 2073 εῖ
903 2006 1031 2085 μηδενός
1064 2008 1166 2072 αὐτῶν
1187 2005 1220 2069 οἱ
1247 1999 1354 2085 ψυχροὶ

206 2124 307 2205 κύριοι
332 2119 428 2204 ἧσσον,
453 2126 511 2190 ubi
535 2136 646 2192 toturn
670 2129 782 2193 locum
807 2129 876 2193 vid.

252 2248 378 2311 Divino
409 2249 524 2330 itaque
556 2248 685 2313 honore
710 2249 865 2313 fruuntur
888 2250 1023 2326 mortui,
1048 2249 1139 2313 unde
1163 2245 1358 2311 nominibus

208 2369 449 2452 significantur,
485 2389 573 2451 quae
608 2378 687 2432 sunt
721 2367 886 2448 μοικᾶριος,
923 2368 1112 2448 μωκοορῖτης,
1152 2364 1306 2442 εὐδαίμων
1323 2363 1355 2450 ¹).

212 2488 413 2554 Conferatur
436 2487 587 2571 exempli
612 2509 713 2553 causa
731 2488 936 2554 Aristoteles
955 2491 1047 2573 apud
1069 2487 1236 2554 Plutarch.
1258 2486 1360 2551 Cons.

207 2610 251 2698 ad
283 2608 399 2692 Apoll.
433 2623 493 2693 27:
526 2606 638 2688 διόπερ,
667 2604 688 2672 ὦ
712 2609 862 2690 κρᾶτιστε
885 2608 1011 2674 πᾶντων
1037 2609 1092 2674 reu}
1119 2605 1355 2687 μοικνιρῖστοοτε,

204 2728 258 2794 xor}
286 2727 358 2808 πρός
381 2730 424 2809 τῷ
442 2729 615 2809 μοικνρίους
636 2729 689 2795 νοοῖ
704 2728 890 2808 εὐδωῖμονοος
904 2725 982 2796 εἶνοοι
998 2731 1069 2802 τοὺς
1082 2725 1351 2803 τετελευτηκότος

205 2847 377 2931 νομίζομεν,
405 2848 457 2914 νοοῖ
482 2850 518 2915 τό
540 2847 723 2930 pedamen!
743 2874 774 2914 τι
797 2852 871 2916 κοτ’
892 2853 993 2916 ωὐτιῖν
1008 2850 1061 2916 κον)
1083 2850 1119 2915 τό
1138 2848 1352 2928 βλωσΦνμεῖν

205 2972 266 3050 οὐχ
299 2965 390 3042 ἄτιον,
423 2971 462 3042 ὥς
493 2970 579 3035 κωτόι
609 2969 789 3050 βελτιόνων,
822 2970 983 3050 ἧγοόμεόοι
1010 2969 1062 3036 κωῖ
1088 2967 1265 3050 κρειττόνων
1296 2967 1350 3044 ἤδη

205 3088 391 3170 γεγονότων,
421 3101 457 3156 et
487 3092 568 3157 ibid.
601 3111 660 3175 34:
685 3091 787 3174 ἕκεόνιρ
809 3094 851 3174 τῷ
874 3091 1097 3173 ριοωιοορισόὲντι
1122 3092 1176 3156 οὐκ
1202 3087 1236 3165 ἄν
1265 3088 1352 3155 κωτᾶ

205 3212 300 3293 Φύσιν
325 3211 494 3293 περοιιπὲρω
515 3216 569 3276 τοῦ
589 3213 835 3291 ἄπονεμηόόντος
857 3216 942 3296 αὐτῷ
963 3211 1073 3295 χρόνον
1094 3211 1233 3294 πρόςτόν
1248 3208 1352 3275 ε’νόᾶδε

205 3331 273 3412 βίον
310 3332 495 3413 περιμένειν.
523 3335 663 3399 Lucian.
689 3335 906 3420 Philopseud.
933 3352 992 3421 27:
1016 3335 1071 3408 τὶιν
1096 3331 1266 3414 μωκωρῖτῖν
1293 3355 1353 3409 μου

205 3462 344 3532 γυνοοῖκοι
374 3453 429 3526 την
456 3451 571 3516 τούτων
595 3453 717 3534 μητέροι
740 3454 858 3528 πιόντες
883 3454 988 3521 ῖσοισιν
1012 3451 1092 3526 ἄπως
1116 3451 1283 3533 όγᾶπησω.
1308 3455 1354 3519 Et

205 3577 239 3640 in
275 3576 381 3640 titulis
412 3574 656 3659 sepulcralibus
691 3578 946 3641 usitatissimum
985 3577 1068 3641 hoc:
1102 3583 1209 3655 χοῖρε,
1244 3571 1353 3653 μᾶνωρ

206 3697 285 3781 (Kb.
312 3697 398 3780 361).
430 3695 480 3761 Cf.
514 3695 581 3759 Kb.
604 3713 681 3778 433,
709 3696 782 3778 546,
805 3715 883 3778 441,
909 3699 996 3762 288a
1020 3697 1150 3782 (Suppl.
1175 3698 1210 3760 in
1235 3695 1352 3781 praef.)

204 3826 240 3883 et
264 3819 345 3900 368:
369 3814 535 3880 κλοιόσωτε
559 3813 693 3893 δωίμονοι
716 3814 846 3890 πᾶντες.

250 3938 371 4002 Latine
394 3937 502 4002 sancti
513 3933 537 4020 ²)
562 3937 730 4001 dicuntur.

210 4105 405 4116 ..un——

237 4197 263 4265 1)
282 4199 315 4250 cf.
336 4199 429 4250 Rohde
447 4201 491 4252 l.l.
510 4201 555 4251 11³
573 4218 601 4267 p.
620 4201 672 4266 346
691 4201 781 4252 adnot.
800 4201 826 4269 6,
846 4217 872 4267 p.
893 4209 942 4264 347
962 4205 989 4251 et
1004 4199 1105 4250 adnott.
1120 4211 1178 4250 1.2.
1190 4211 1215 4266 3,
1225 4197 1271 4248 ubi
1280 4196 1358 4246 etiam

204 4285 237 4336 de
254 4287 379 4346 χρηστοῖς
396 4303 480 4337 sermo
498 4294 546 4338 est.
564 4288 627 4338 Tria
644 4288 773 4339 vocabula
790 4303 843 4338 uno
862 4303 938 4338 versu
956 4286 1079 4352 leguntur
1095 4286 1215 4352 Theogn.
1238 4295 1320 4348 1013:

414 4371 450 4421 'A
468 4371 551 4434 μᾶιιοιρ
569 4371 692 4434 ιιίδιιόμων
709 4389 740 4422 τι
756 4371 800 4422 na?
814 4371 909 4433 όλβιος,
927 4369 999 4429 όστις
1015 4369 1114 4434 ἄπειρος

481 4453 560 4504 ἄόλων
578 4453 612 4513 εἷς
630 4453 719 4504 Ἀΐδεω
736 4453 808 4516 δῆμον
826 4451 907 4516 μόλοιν
924 4455 1033 4517 ιιοιπιιβῇ.

233 4536 467 4605 6156666666
487 4538 550 4605 469,
568 4540 630 4605 416,
651 4539 710 4605 116,
729 4548 789 4603 154,
810 4548 967 4604 6141629,
986 4536 1063 4603 12⁶9,
1082 4545 1158 4601 Ι514,
1177 4534 1349 4600 15651615,

203 4624 267 4692 843)
292 4633 317 4675 et
341 4626 503 4675 sanctissima
528 4625 603 4693 (Bch.
626 4638 684 4690 132,
706 4638 765 4691 191,
783 4637 846 4691 439,
865 4636 927 4690 493,
945 4637 1007 4690 499,
1028 4633 1088 4689 530,
1110 4622 1350 4689 574,6ο3,13οο,

206 4710 286 4778 1586)
304 4713 420 4764 mulieris
439 4714 565 4780 epitheta,
585 4729 652 4779 quae
671 4713 697 4762 in
717 4712 800 4762 titulis
819 4712 1026 4778 frequentantur,
1040 4710 1111 4760 idem
1125 4710 1215 4761 valent
1230 4726 1259 4759 ac
1275 4725 1349 4775 pura,

204 4799 315 4866 integra.
333 4802 375 4850 De
394 4802 486 4852 marito
505 4800 604 4850 dictum
622 4800 685 4850 Bch.
706 4810 784 4867 1247,
804 4808 881 4865 1592.
