3134 5476
675 393 711 440 21

123 561 341 645 „plerumque
365 561 413 638 fit,
439 568 686 644 paupertatem,
713 559 945 643 ignominiam,
967 559 1139 624 infamiam
1161 560 1271 634 timet,

123 683 168 764 „si
201 682 424 758 debilitatem,
448 682 661 757 caecitatem,
685 682 713 743 si
738 680 896 765 denique,
921 682 1014 764 quod
1039 701 1107 744 non
1131 679 1271 763 singulis

122 800 345 883 ,hominibus
369 802 430 864 sed
454 800 654 885 potentibus
678 800 813 884 populis
837 821 940 884 saepe
964 802 1142 884 contingit,
1167 802 1269 864 servi-

122 921 271 1004 ,tutemi
295 930 409 1006 potest
432 944 474 987 ea
497 924 621 986 timens
644 922 823 1006 quisquam
844 942 917 986 esse
937 921 1078 987 beatus?
1097 922 1199 1006 Quid,
1213 923 1271 1006 qui

120 1064 208 1125 „non
232 1043 336 1108 modo
361 1064 401 1108 ea
425 1042 537 1107 futura
562 1044 672 1119 timet,
698 1064 817 1107 verum
842 1044 946 1108 etiam
971 1041 1035 1107 lert
1059 1045 1270 1129 sustinetque

120 1163 351 1248 „praesentia?
376 1165 466 1228 adde
486 1164 609 1228 eodem
628 1164 739 1241 exilia,
760 1164 881 1240 luctus,
902 1165 1083 1242 orbitates;
1098 1165 1156 1247 qui
1169 1165 1270 1228 rebus

120 1284 192 1365 „his
214 1282 339 1349 fractus
362 1284 575 1367 aegritudine
600 1284 746 1361 eliditur,
772 1293 886 1369 potest
906 1286 1047 1349 tandem
1068 1305 1137 1349 non
1158 1286 1272 1348 miser-

120 1404 242 1486 „rimus
266 1425 339 1468 esse
349 1403 382 1467 ?”
408 1405 454 1468 Et
478 1405 580 1469 haec:
606 1403 737 1488 „Quid?
760 1404 868 1470 elatus
889 1405 944 1469 ille
957 1405 1097 1469 levitate
1111 1405 1271 1490 inanique

121 1523 269 1606 „laetitia
293 1524 450 1588 exultans
474 1532 509 1588 et
533 1533 663 1589 temere
687 1527 837 1608 gestiens
860 1545 975 1589 nonne
998 1533 1096 1589 tanto
1109 1525 1271 1602 miserior,

119 1653 267 1729 ,quanto
291 1645 355 1709 sibi
380 1645 517 1709 videtur
540 1645 674 1709 beatior
683 1643 716 1707 ?”

160 1762 292 1846 Quibus
315 1764 428 1827 verbis
453 1765 582 1847 optime
607 1765 951 1849 comprehenduntur,
977 1787 1065 1850 quae
1089 1767 1123 1830 in
1147 1766 1269 1829 animis

116 1883 300 1949 multorum
324 1893 431 1949 erant.
456 1884 547 1968 Quid
570 1886 691 1950 mirum
711 1894 746 1950 et
758 1888 792 1950 in
806 1887 1011 1951 carminibus
1023 1887 1267 1971 sepulcralibus

114 2013 150 2068 et
166 2005 257 2088 apud
270 2012 391 2088 poetas
403 2006 653 2090 scriptoresque
666 2007 855 2071 identidem
868 2027 1038 2070 recurrere
1050 2008 1266 2083 sententiam,

116 2133 262 2190 mortem
287 2145 360 2189 esse
384 2126 523 2202 bonum,
550 2133 670 2208 utpote
694 2147 782 2209 quae
806 2128 850 2190 sit
870 2147 947 2190 cum
968 2127 1072 2210 ipsius
1092 2127 1183 2191 vitae
1202 2135 1268 2190 ter·

120 2247 240 2324 minus,
265 2254 338 2310 tum
363 2246 454 2311 vitae
478 2266 715 2310 aerumnarum
739 2268 779 2311 ac
805 2247 961 2312 dolorum
985 2246 1081 2311 finis?

159 2367 347 2432 Notissima
378 2375 457 2431 sunt
481 2366 650 2431 Artabani
673 2368 765 2450 apud
791 2367 1007 2432 Herodotum
1022 2366 1045 2451 ¹)
1069 2368 1184 2444 verba,
1209 2369 1267 2449 qui

116 2509 193 2553 cum
226 2489 359 2552 Xerxes
390 2509 514 2571 magno
545 2508 687 2552 numero
719 2488 864 2553 militum
886 2488 996 2553 elatus
1020 2488 1116 2552 fleret
1139 2497 1264 2565 tamen,

114 2617 167 2673 tot
191 2610 369 2674 hominum
393 2611 589 2674 recordatus
614 2610 720 2672 vitam
739 2609 891 2686 brevem,
913 2610 956 2673 de
976 2630 1088 2673 rerum
1107 2609 1265 2673 humana-

27 2754 29 2758 ’
116 2751 189 2794 rum
226 2729 455 2794 inconstantia
488 2729 678 2793 admonens
710 2729 904 2792 deterrebat
940 2750 983 2792 ne
1017 2729 1051 2792 in
1087 2729 1264 2793 Graeciam

114 2850 394 2935 proficisceretur,
420 2850 504 2914 haec
528 2851 679 2914 locutus:
703 2849 735 2913 ἐν
759 2849 821 2928 γαρ
845 2846 922 2913 οὕτω
946 2848 1065 2929 βραχέι
1085 2847 1145 2928 βίῳ
1165 2847 1262 2922 οὐδεὶς

114 2966 191 3035 οὕτω
226 2967 387 3050 ἄνθρωπος
423 2969 477 3033 ἐὼν
508 2967 661 3045 εὐδαίμων
693 2967 829 3053 πέφυκε,
861 2968 932 3034 οὔτε
963 2967 1079 3034 τούτων
1109 2968 1180 3035 οὔτε
1203 2974 1264 3034 τῶν

113 3088 231 3170 ἄλλων,
254 3089 297 3170 τῷ
332 3090 365 3154 οὐ
388 3088 631 3170 παραστήσεται
655 3087 812 3160 πολλάκις
834 3089 886 3153 αα)
908 3089 973 3154 οὐκ)
995 3085 1088 3167 ἅπαξ
1111 3086 1263 3154 τεθνάναι

113 3206 290 3288 βούλεσθαι
313 3213 440 3288 μᾶλλον
466 3209 483 3285 ἢ
508 3210 603 3293 ζώειν.
629 3207 666 3275 αἵ
685 3234 721 3275 τε
745 3209 808 3291 γαρ
829 3209 990 3291 συμφοραὶ
1012 3210 1264 3290 προσπίπτουσαι

114 3330 166 3395 καὶ
199 3330 233 3396 αἱ
262 3333 359 3396 νοῦσοι
384 3330 635 3413 σννταροὶσσονσι
659 3331 714 3396 καὶ
739 3331 868 3413 βραχὺν
893 3329 984 3396 ἐόντα
1007 3328 1127 3411 μακρὸν
1151 3332 1265 3397 δοκέειν

114 3447 192 3517 εἶναι
228 3455 349 3517 ποιεῦσι
380 3452 434 3516 τὸν
466 3451 545 3530 βίον.
579 3451 656 3518 οὕτω
682 3453 695 3518 ὁ
718 3453 776 3533 μὲν
800 3451 941 3525 θάνατος
965 3450 1132 3533 μοχθηρῆς
1157 3451 1263 3528 ἐούσας

115 3580 170 3648 τῆς
196 3571 264 3656 ζόης
291 3572 469 3654 καταφυγὴ
495 3573 692 3654 αἱρετατοὶτν
717 3577 759 3657 τῷ
784 3572 936 3656 ἀνθρώπῳ
961 3575 1085 3654 γέγονε·
1106 3573 1120 3638 o‘
1140 3574 1172 3639 δὲ
1192 3572 1264 3647 θεὸς

113 3693 234 3772 γλυκὺν
258 3691 379 3772 νεύσας
403 3694 456 3759 τὸν
481 3695 578 3759 αἰῶνα
602 3694 753 3777 Φθονερὸς
778 3697 809 3763 ἐν
832 3697 917 3778 αὐτῷ
942 3695 1117 3776 εὑρίσκεται
1143 3695 1207 3760 ἐών.

157 3816 209 3880 Ita
232 3817 313 3880 inde
336 3817 380 3881 ab
403 3817 646 3901 antiquissimis
671 3817 809 3883 Graecis
832 3828 1019 3904 queruntur
1032 3817 1056 3903 2)
1085 3840 1204 3883 omnes
1227 3826 1262 3882 et

145 4124 172 4192 1)
190 4124 320 4175 Herodot.
341 4125 411 4191 7.46.

142 4211 170 4280 2)
187 4212 221 4262 cf.
240 4211 330 4262 Solon.
349 4213 441 4280 fragm.
465 4214 538 4283 14(7)
556 4217 628 4283 apud
646 4218 734 4283 Bergk
752 4218 847 4268 Poetae
867 4218 955 4283 Lyrici
974 4217 1067 4268 Graeci
1088 4216 1128 4266 ed.
1148 4217 1187 4266 ΙΙΙ
1203 4233 1263 4283 pars

114 4300 140 4349 11
158 4315 185 4365 p.
203 4308 271 4363 427:
389 4296 454 4348 Οὐδὲ
472 4298 555 4364 μάκαρ
575 4299 655 4360 addela
672 4300 779 4352 πέλεται
798 4304 895 4364 βρότον,
912 4301 981 4351 ἄλλα
1000 4301 1100 4363 πονηροί

454 4385 557 4445 ndns-rc,
576 4387 650 4446 ὅσους
667 4388 773 4446 θνητοὺς
790 4386 873 4445 hincve
890 4391 993 4453 καθορᾷ.

111 4476 138 4520 et
156 4467 327 4534 Bacchylides
346 4469 438 4535 fragm.
459 4471 517 4540 3(2)
535 4472 607 4539 apud
625 4473 720 4538 Bergk.
738 4473 767 4521 P.
779 4473 808 4522 L.
820 4471 872 4522 G.³
890 4487 950 4538 pars
970 4472 1009 4522 III
1028 4489 1055 4538 p.
1078 4483 1159 4536 1227:

392 4557 514 4604 Θνατσῖσι
532 4556 566 4619 μι)
585 4559 659 4620 φῦναι
677 4555 802 4620 φέριστον,

389 4635 448 4698 μηδ’
465 4637 550 4688 ἆιαίσν
569 4636 691 4702 προσιδεῖν
708 4637 814 4703 φέγγος·

388 4719 476 4783 ’ὄλβιος
494 4719 516 4769 δ’
533 4719 614 4780 οὐδεὶς
631 4724 724 4784 βροτῶν
742 4720 828 4772 πάντα
845 4722 941 4786 χρόνον.

115 4809 249 4868 praeterea
268 4804 343 4856 Iliad.
363 4818 406 4868 24.
429 4815 478 4872 525
499 4814 525 4858 et
544 4806 663 4873 Euripid.
683 4807 826 4874 Hippolyt.
848 4820 907 4872 190.
