3134 5476
768 353 814 416 40

346 516 428 581 ibid.
453 517 484 580 6.
498 517 581 597 651:

278 637 387 701 Arma
410 636 528 721 procul
551 656 735 720 currusque
760 637 869 699 virum
893 636 1034 699 miratur
1056 636 1176 712 inanis,

211 759 231 821 i.
245 780 275 823 e.
299 766 430 834 tenues,
454 758 603 842 speciem
624 758 733 840 magis
753 777 911 820 curruum
931 778 1013 840 prae
1032 778 1068 819 se
1089 756 1246 833 ferentes,
1261 777 1367 840 quam

211 900 309 943 veros
344 899 460 942 currus
494 886 799 962 repraesentantes,
825 878 1116 961 quemadmodum
1136 878 1252 941 omnia
1271 878 1367 961 apud

211 998 336 1062 inferos
360 994 475 1062 εἴδωλα
499 1006 634 1062 tantum
657 1006 737 1063 sunt
760 998 911 1082 ipsorum
936 1018 1128 1081 corporum.

256 1118 482 1183 conserantur
502 1126 679 1203 praeterea
698 1118 719 1181 l.
729 1118 749 1182 l.
765 1134 829 1201 370
842 1117 949 1200 (Iliad.
965 1134 1016 1200 23.
1029 1118 1094 1201 75),
1106 1133 1183 1200 452,
1197 1117 1369 1201 Georgica

210 1257 243 1319 4.
255 1256 321 1323 472
354 1240 503 1322 (Lucret.
527 1239 628 1322 435)
661 1247 696 1303 et
720 1238 810 1302 Aen.
833 1240 865 1301 6.
878 1256 945 1322 494
970 1239 1012 1302 de
1034 1237 1229 1322 Deiphobo,
1262 1259 1368 1322 quem

212 1359 349 1423 Aeneas
372 1359 536 1424 laniatum
560 1380 703 1443 corpore
727 1366 803 1422 toto
824 1359 919 1423 videt
939 1367 973 1421 et
994 1358 1176 1423 crudeliter
1196 1359 1366 1423 mutilum.

213 1480 391 1543 Praeterea
416 1480 535 1543 Horat.
561 1479 627 1544 Od.
654 1495 683 1542 2.
702 1496 750 1561 13.
766 1495 809 1558 24
820 1499 907 1562 sqq„
923 1496 974 1561 30.
999 1477 1070 1544 Sat.
1088 1497 1114 1543 1.
1129 1481 1160 1543 8.
1175 1481 1217 1542 28
1231 1479 1285 1563 (cl.
1297 1479 1367 1563 41),

213 1600 365 1683 Propert.
385 1614 413 1681 5.
430 1614 459 1681 5.
474 1616 492 1662 2
506 1599 643 1683 (sentiat
654 1600 746 1663 sitim
760 1599 902 1682 umbra),
917 1599 1017 1662 Tusc.
1032 1599 1119 1683 disp.
1137 1616 1164 1675 1,
1184 1600 1367 1681 44,45,46.

212 1717 390 1783 Somnium
414 1717 583 1801 Scipionis
613 1736 660 1798 14,
687 1719 735 1781 16.
756 1717 876 1783 Senec.
898 1720 941 1783 ad
955 1719 1076 1802 Polyb.
1090 1721 1133 1784 de
1147 1719 1275 1783 consol.
1288 1739 1321 1803 9.
1336 1721 1368 1782 8.

257 1839 397 1903 Lucian.
419 1839 531 1903 Verae
553 1839 724 1903 Historiae
746 1855 850 1903 2.12:
871 1835 1030 1910 έσθῆτιδέ
1050 1843 1187 1919 χρῶνται
1201 1837 1366 1920 ἀραχνίοις

212 1965 353 2030 λεπτοῖς,
389 1961 566 2037 πορφυροῖς.
605 1956 693 2022 αὐτοὶ
726 1957 757 2021 δέ
793 1959 929 2035 σώματα
953 1960 1011 2036 μὲν
1035 1961 1089 2025 οὐκ
1113 1958 1252 2041 ἔχουσιν,
1277 1960 1367 2025 οὶλλοὶ

211 2077 353 2158 ἀναφεῖς
389 2075 441 2140 καὶ
474 2075 606 2157 ἄσαρκοί
641 2078 711 2155 εἶσι,
741 2079 864 2159 μορΦην
896 2077 1004 2142 δὲκαὶ
1031 2079 1114 2144 ἰδέαν
1136 2079 1231 2156 μένην
1257 2078 1368 2161 έχουσι

213 2198 265 2264 καὶ
293 2197 493 2279 ἐμφαίνουσι,
514 2197 567 2263 καὶ
588 2197 751 2275 οὶσιίιματοι
765 2198 849 2271 ὄντες
863 2197 944 2276 ὅμως
958 2203 1128 2265 συνεστᾶσι
1142 2200 1194 2264 καὶ
1210 2208 1367 2267 κινοῦνται

213 2319 266 2385 καὶ
302 2323 445 2401 Φρονοῦσι
479 2318 532 2383 καὶ
565 2319 668 2400 Φωνην
700 2320 830 2399 οὶΦιὸοσι,
860 2319 914 2384 καὶ
941 2315 1017 2392 ὅλοις
1043 2318 1121 2385 ἔοικε
1144 2322 1249 2400 γνμνη
1275 2346 1324 2396 τις
1350 2325 1367 2399 η

213 2441 305 2522 ψνχη
331 2441 433 2505 αὐτῶν
457 2447 636 2520 περιπολεῖν
658 2439 713 2513 την
733 2445 787 2505 τοῦ
809 2439 954 2517 σώματος
969 2441 1138 2519 ὁμοιότητα
1154 2443 1367 2523 περικειμένη·

214 2564 238 2628 εἰ
277 2566 352 2640 γοῦν
381 2562 427 2639 μέν
459 2558 583 2642 ἅψαιτό
612 2584 672 2641 τις,
707 2563 762 2626 οὐκ
796 2559 834 2626 ἂν
869 2560 1010 2640 ἐλέγξειε
1033 2563 1078 2639 μη
1105 2558 1183 2628 εἶναι
1215 2569 1308 2642 σῶμα
1333 2567 1368 2630 τὸ

212 2683 370 2763 ὁρώμενον·
384 2681 442 2747 εἰσὶ
456 2681 518 2763 γὰρ
534 2678 635 2762 ὥσπερ
649 2681 734 2746 σκιαὶ
748 2679 851 2763 ὀρθαί,
864 2683 896 2746 οὐ
909 2681 1071 2760 μέλαιναι.
1085 2685 1128 2749 cl.
1138 2685 1285 2752 Charon.
1305 2707 1317 2751 1
1335 2686 1367 2772 ¹).

257 2805 313 2867 Ex
350 2803 494 2867 Anthol.
528 2803 633 2867 Palat.
665 2804 752 2868 libro
785 2805 853 2869 VII
887 2804 1104 2869 conferantur
1130 2822 1169 2889 25
1194 2808 1249 2890 (de
1274 2809 1368 2874 Ana-

214 2925 375 3007 creonte),
414 2925 465 3000 26,
500 2941 551 3008 27,
583 2925 637 3008 96,
664 2925 728 3009 396
747 2925 802 3007 (de
836 2924 978 2989 Eteocle
1010 2934 1045 2989 et
1070 2926 1234 3010 Polynice
1258 2930 1314 2993 vel
1338 2930 1369 2993 ἐν

213 3043 376 3124 Ἀχέροντι
402 3045 655 3128 pugnantibus),
679 3059 756 3124 405,
782 3047 857 3127 384,
883 3045 982 3127 (686),
1010 3048 1082 3123 128,
1104 3049 1179 3131 278.
1202 3049 1269 3114 Kb.
1293 3067 1369 3131 240,

216 3179 290 3248 325»
318 3179 392 3247 5²²»
420 3180 493 3249 599·

258 3286 481 3350 Transscribo
506 3285 654 3366 denique
677 3282 722 3345 A.
736 3283 772 3346 P.
795 3283 863 3347 VII
877 3285 919 3347 68
933 3283 976 3355 εἰς
991 3283 1143 3361 Διογένην
1158 3287 1211 3370 (cf.
1225 3289 1279 3365 66,
1293 3290 1368 3374 67):

366 3404 473 3475 ’Ἄιδος
498 3399 518 3467 ὦ
542 3401 683 3480 νεκυηγέ,
707 3404 887 3484 κεχαρμένε
914 3403 1041 3485 δοέκριισι
1069 3404 1207 3480 πάντων,

422 3521 452 3597 ὃς
475 3522 566 3603 βαθὺ
591 3521 779 3605 πορθμεύεις
804 3525 891 3589 τοῦτ’
914 3525 1098 3607 Ἀχέροντος
1125 3525 1210 3609 ὕδωρ,

370 3645 396 3711 εἰ
420 3645 475 3710 κοιέ
505 3669 549 3710 σοι
578 3641 732 3725 βέβριθεν
757 3645 810 3708 ὑπ’
837 3645 985 3711 εἰδώλοισι
1013 3647 1177 3725 καμόντων

416 3764 525 3839 ὂλκοὶς,
550 3767 594 3844 μη
618 3764 769 3846 προλέπης
796 3766 928 3844 Διογένη
952 3791 994 3843 με
1019 3766 1109 3834 κύνα.

370 3886 468 3964 ὄλπην
493 3886 546 3951 καὶ
571 3885 713 3950 σκίπωνα
736 3885 819 3967 Φέρει
844 3886 898 3952 καὶ
923 3886 1047 3952 δίπλοον
1072 3883 1150 3965 εἷμα

414 4007 467 4072 καὶ
493 4007 589 4088 πήρην
613 4005 667 4072 καὶ
692 4006 736 4071 σοὶ
762 4006 923 4082 ναυτιλίης
948 4006 1070 4085 ὀβολόν.

211 4208 407 4220 -----

249 4317 275 4385 1)
294 4317 327 4368 cf.
342 4318 450 4368 Luciau.
467 4317 500 4367 de
516 4316 588 4366 luctu
609 4315 654 4366 18:
674 4314 724 4377 xli
744 4313 898 4379 λογίζεσθαι
915 4312 955 4362 ὅτι
973 4318 1022 4362 τῶν
1040 4313 1178 4376 ὀφθαλμῶν
1195 4312 1371 4367 διασαπέντων

214 4399 290 4459 ixa?
305 4400 414 4451 καέντων
432 4399 492 4452 οὔτε
509 4401 600 4458 σκότος
617 4399 677 4450 οὔτε
694 4405 747 4464 φῶς
763 4400 819 4463 δρᾶν
837 4398 987 4461 δεησόμεθα.
1005 4402 1079 4452 idem
1098 4402 1202 4468 Dialog.
1221 4405 1300 4455 Mort.
1320 4406 1369 4458 28:

214 4488 250 4537 τα
266 4486 375 4550 ’ὄμματα
392 4487 459 4538 κοινά.
478 4491 510 4541 cf.
531 4489 630 4540 Tibull.
653 4504 675 4542 1.
688 4502 729 4540 10.
741 4500 788 4553 37:
817 4488 872 4538 illic
891 4489 1026 4552 perscissis
1045 4489 1120 4553 genis
1138 4497 1250 4555 ustoque
1269 4491 1368 4556 capillo

216 4584 283 4627 errat
309 4578 344 4627 ad
370 4579 495 4628 obscuros
523 4577 622 4644 pallida
650 4578 727 4627 turba
744 4576 824 4626 lacus.
844 4576 1017 4639 Necyomant.
1037 4575 1098 4640 476.
1109 4585 1161 4639 477
1179 4574 1301 4637 (ἅπαντος
1318 4577 1369 4640 γὰρ

213 4659 330 4725 ατεχνῶς
343 4660 466 4721 αλλήλοις
483 4662 616 4726 γίγνονται
635 4660 714 4725 ὅμοιοι
733 4664 783 4712 τῶν
801 4659 881 4711 ὀστῶν
899 4657 1107 4725 γεγυμνωμένων)
1124 4669 1150 4712 et
1162 4663 1240 4713 ovid.
1250 4664 1305 4714 Ibis
1317 4678 1370 4729 144

2 4754 206 5088 L
216 4749 303 4817 (ostea
320 4749 426 4818 forma).
