3134 5476
762 424 799 494 51

273 595 317 657 Di
344 593 467 676 quibus
491 594 671 677 imperium
696 603 748 657 est
772 595 961 657 animarum
987 593 1196 675 umbraeque
1220 589 1358 656 silentes

271 722 306 778 et
331 713 443 779 Chaos
466 722 502 778 et
527 714 752 798 Phlegethon,
776 714 852 778 loca
877 723 979 778 nocte
1003 715 1152 778 tacentia
1175 713 1254 788 late,

272 834 324 900 Sit
348 834 430 898 mihi
454 834 504 898 fas
528 835 645 899 audita
669 834 774 918 loqui.

205 953 247 1018 cf.
273 962 449 1037 praeterea
472 954 598 1018 Tibull.
626 971 700 1037 3.2.
720 969 774 1036 15:

317 1072 490 1156 praefatae
515 1083 594 1138 ante
619 1095 713 1138 meos
738 1095 856 1138 manes
879 1076 1097 1158 animamque
1122 1083 1291 1159 precatae.

204 1193 359 1277 Propert.
384 1212 416 1273 4.
434 1208 483 1279 17.
499 1211 559 1276 31:

317 1314 367 1378 At
391 1314 464 1390 tibi,
490 1323 604 1390 nauta,
630 1315 703 1397 pias
726 1314 904 1379 hominum
929 1316 986 1397 qui
1012 1314 1126 1378 traicis
1149 1313 1296 1389 umbras,

450 1434 516 1497 huc
540 1437 673 1498 animae
698 1444 837 1518 portent
862 1456 986 1518 corpus
1009 1436 1110 1498 inane
1134 1443 1224 1499 tuae.

205 1551 308 1616 Ovid.
334 1553 475 1617 Metam.
501 1555 530 1617 8.
545 1555 628 1633 488:

317 1673 391 1736 Vos
414 1673 530 1750 modo,
556 1672 696 1737 fraterni
720 1693 838 1737 manes
862 1674 1064 1757 animaeque
1090 1682 1254 1737 recentes.

205 1791 326 1856 Horat.
352 1792 419 1857 Od.
448 1810 542 1857 1.1o.
561 1809 617 1877 17:

249 1912 302 1976 Tu
318 1913 392 1996 pias
403 1912 501 1977 laetis
513 1914 644 1976 animas
657 1914 794 1997 reponis
807 1912 965 1978 Sedibus,
1041 1913 1097 1991 (cf.
1111 1912 1182 1978 Sat.
1202 1932 1229 1976 1.
1243 1914 1273 1976 8.
1288 1911 1352 1996 29).

249 2031 376 2096 Contra
400 2034 491 2116 apud
516 2032 717 2097 Ciceronem
741 2035 873 2096 animus
897 2033 1000 2116 vulgo
1024 2033 1163 2116 legitur,
1190 2034 1248 2115 qui
1273 2052 1354 2095 vero

204 2153 337 2216 animus
362 2153 396 2217 in
416 2153 512 2216 caelo
524 2153 578 2216 vel
592 2153 623 2216 ἐν
635 2154 797 2232 μετεώροις
811 2163 889 2236 post
903 2163 1048 2217 mortem
1061 2155 1187 2217 versari
1201 2153 1355 2216 habetur.

204 2274 246 2337 cf.
272 2273 372 2337 Tusc.
393 2274 480 2358 disp.
507 2292 532 2338 1.
551 2275 599 2338 16.
616 2275 674 2357 36:
699 2274 785 2356 ,Sed
801 2284 837 2338 ut
850 2277 934 2338 deos
946 2295 1019 2338 esse
1033 2283 1154 2339 natura
1166 2275 1355 2357 opinamur,

207 2394 412 2477 „qualesque
436 2396 504 2459 sint
528 2396 659 2459 ratione
681 2396 928 2479 cognoscimus,
949 2397 996 2458 sic
1017 2415 1217 2478 permanere
1228 2394 1357 2457 animos

209 2514 432 2596 „arbitramur
451 2534 618 2578 consensu
639 2517 816 2580 nationum
836 2517 1000 2592 omnium,
1021 2516 1135 2598 quain
1148 2516 1230 2579 sede
1244 2534 1358 2577 mane-

208 2643 286 2715 ,ant
310 2634 496 2717 qualesque
520 2635 597 2711 sint,
623 2636 755 2700 ratione
779 2637 980 2700 discendum
1005 2635 1089 2698 est”.
1114 2634 1203 2698 Ibid.
1232 2648 1280 2716 17.
1292 2650 1355 2713 40:

208 2752 324 2836 „Quae
354 2774 431 2818 cum
456 2763 625 2832 constent,
651 2756 867 2839 perspicuum
892 2756 996 2820 debet
1020 2775 1093 2818 esse
1117 2755 1254 2829 animos,
1279 2772 1357 2816 cum

207 2896 245 2956 ,e
269 2895 411 2958 corpore
436 2875 655 2952 excesserint,
678 2877 749 2939 sive
774 2875 820 2939 illi
844 2877 913 2939 sint
932 2876 1104 2951 animales,
1125 2876 1160 2939 id
1181 2883 1232 2938 est
1251 2873 1355 2956 spira·

208 2995 313 3078 ,biles
327 2995 361 3080 ¹),
395 2997 467 3060 sive
498 2997 598 3080 ignei,
630 2997 767 3062 sublime
781 2999 884 3081 ferri
892 2997 910 3021 ”
923 2997 960 3081 ²).
986 2998 1165 3061 Praeterea
1189 2996 1277 3062 lbid.
1304 2997 1354 3071 18,

204 3130 257 3198 47,
292 3129 343 3197 50,
376 3117 429 3192 60,
462 3116 517 3198 65,
550 3131 603 3202 72.
640 3116 818 3182 Somnium
850 3116 941 3200 Scip.
985 3134 1033 3201 17,
1060 3118 1112 3180 26.
1138 3115 1224 3180 Cato
1248 3115 1356 3179 maior

204 3236 258 3300 66.
270 3238 324 3320 78.
350 3237 403 3301 De
429 3238 571 3302 divinat.
602 3239 696 3320 1.63.

248 3355 353 3440 Apud
379 3356 546 3422 Senecam
572 3367 754 3441 utrumque
778 3359 865 3440 lego,
891 3358 1042 3422 animum
1067 3365 1102 3422 et
1125 3357 1284 3421 animam.
1306 3355 1356 3420 Cf.

203 3476 246 3539 ad
272 3475 372 3540 Helv.
394 3487 491 3542 matr.
512 3479 556 3542 de
574 3477 704 3541 consol.
727 3495 831 3542 201:
853 3479 986 3541 animus
999 3479 1109 3541 omnis
1122 3476 1356 3559 occupationis

204 3615 336 3678 expers.
361 3597 404 3659 ad
426 3595 531 3660 Marc.
553 3597 595 3660 de
608 3596 737 3661 consol.
752 3611 804 3678 25.
823 3615 835 3660 1
848 3622 856 3659 ε
870 3598 959 3661 inter
971 3597 1087 3661 felices
1099 3596 1202 3659 currit
1215 3595 1355 3658 animas.

248 3714 288 3778 In
312 3715 419 3779 titulis
441 3716 686 3799 sepulcralibus
709 3718 823 3781 anima
847 3716 1048 3800 plerumque
1072 3716 1206 3798 legitur.

205 3835 286 3899 Bch.
315 3835 414 3900 1600:
440 3834 508 3918 Qui
531 3838 707 3920 quondam
729 3838 773 3901 ad
797 3857 939 3919 superos
964 3837 1111 3901 Mossius
1135 3835 1352 3911 Philoxenus,

492 3977 581 4021 nunc
605 3957 717 4021 tenuis
740 3957 864 4021 anima.

237 4212 263 4280 1)
281 4213 314 4264 cf.
334 4213 390 4264 Cic.
409 4213 442 4264 de
461 4220 515 4264 nat.
534 4215 606 4265 deor.
625 4226 650 4278 3.
661 4213 710 4278 36:
731 4215 912 4280 ,Probabilius
931 4220 1017 4264 autem
1035 4214 1140 4265 videtur
1158 4213 1211 4265 tale
1228 4212 1353 4279 quiddam

205 4316 261 4350 esse
279 4301 402 4363 animum,
421 4308 450 4351 ut
468 4301 502 4351 sit
521 4317 552 4352 ex
571 4301 627 4366 igni
646 4310 673 4352 et
690 4301 778 4351 anima
795 4300 987 4367 temperatum”
1005 4300 1095 4368 (Tusc.
1115 4301 1184 4366 disp.
1208 4313 1230 4350 1.
1241 4310 1284 4365 25.
1295 4299 1350 4367 60).

234 4386 262 4454 2)
280 4386 314 4437 cf.
332 4387 409 4438 Tusc.
429 4387 497 4453 disp.
519 4401 542 4438 1.
555 4401 595 4452 19.
605 4400 655 4452 43:
676 4387 802 4454 ,accentu
821 4396 849 4438 ut
868 4404 899 4438 eo
918 4388 1020 4438 facilius
1039 4388 1140 4437 animus
1156 4387 1251 4437 evadat
1261 4403 1292 4437 ex
1301 4386 1352 4436 hoc

207 4472 307 4540 „adre'’,
325 4489 385 4539 sqq.
404 4481 431 4524 et
449 4474 515 4524 ibid.
534 4487 578 4524 20.
587 4484 636 4539 45:
657 4474 745 4540 „quod
764 4474 870 4524 tandem
888 4475 1066 4540 spectaculum
1083 4474 1138 4524 fore
1154 4481 1352 4539 putamus,cum

206 4567 302 4625 ,totam
329 4566 424 4610 terram
450 4561 568 4611 contueri
592 4561 684 4611 licebit
709 4561 818 4626 eiusque
846 4577 905 4611 cum
932 4562 1020 4628 situm,
1038 4561 1156 4627 formam,
1175 4559 1353 4624 circumscrip-

207 4646 330 4713 ,tionenq
357 4653 412 4697 tum
438 4653 464 4696 et
491 4646 649 4697 habitabiles
676 4649 797 4712 regiones
822 4654 848 4698 et
872 4664 973 4698 rursum
991 4647 1064 4697 omni
1083 4647 1153 4697 cultu
1173 4653 1281 4711 propter
1299 4645 1353 4694 vim

206 4733 324 4798 „frigoris
350 4740 394 4784 aut
421 4733 515 4782 caloris
539 4733 689 4783 vacantis?”
709 4734 845 4785 Somnium
863 4734 934 4800 Scip.
957 4744 997 4800 15.
1017 4730 1108 4785 Senec.
1128 4734 1162 4784 ad
1180 4733 1259 4783 Helv.
1278 4740 1352 4783 matr.

205 4819 239 4870 de
252 4819 357 4870 consol.
376 4833 418 4870 20.
429 4833 455 4887 2,
473 4820 507 4870 ad
526 4821 606 4872 Marc.
626 4821 659 4872 de
677 4821 779 4873 consol.
798 4831 877 4887 25.1.
