3134 5476
693 390 756 460 ¹39

371 552 471 617 sedes
495 555 664 621 insontem
690 557 887 641 Magnillam
911 557 1019 622 ducite
1040 563 1170 620 vestras

417 694 478 757 per
501 696 642 741 nemora
665 686 701 742 et
724 698 864 761 campos
888 677 1045 761 protinus
1069 675 1206 760 Elysios
1220 672 1254 760 ¹).

151 877 350 966 Bch.1292:
376 884 493 950 Dulcis
517 896 600 970 aput
624 889 744 952 Manes
768 889 838 953 Zoe
862 889 1046 954 benedicta
1068 886 1219 950 moraris.

373 1013 410 1068 tu
434 1026 552 1072 secura
576 1009 676 1086 iaces,
701 1010 800 1074 nobis
825 1009 989 1093 reliquisti
1014 1007 1179 1091 querelas.

375 1128 520 1209 precesti
544 1129 722 1214 hospitium
745 1130 838 1195 dulce
854 1143 988 1216 parare
1006 1128 1083 1193 tuis.

151 1240 233 1305 Bch.
253 1257 336 1328 1559
359 1245 566 1330 (adloquitur
590 1251 641 1314 vir
665 1251 758 1334 prius
782 1259 952 1315 mortuam
976 1249 1169 1331 coniugem.
1200 1245 1295 1329 Bch.)

375 1367 499 1433 Parato
524 1369 727 1454 hospitium:
752 1391 831 1435 cara
854 1372 997 1455 iungant
1020 1389 1165 1452 corpora

376 1487 460 1553 haec
481 1488 540 1572 (sic
551 1490 571 1574 l)
587 1511 718 1555 rursum
731 1501 868 1556 nostrae
881 1493 941 1555 sed
955 1498 1141 1575 perpetuae
1155 1488 1309 1572 nuptiae.

153 1603 235 1668 Bch.
261 1607 326 1689 856
349 1607 405 1691 (de
428 1611 573 1695 coniuge
598 1613 690 1696 prius
715 1613 876 1678 defuncta
899 1611 1059 1696 dictum):

376 1729 630 1817 hospitiumque
654 1735 737 1798 mihi
761 1755 879 1799 secura
903 1733 1053 1798 servavit
1076 1731 1110 1795 in
1134 1749 1267 1795 aevum.

155 1844 197 1908 cl.
222 1847 351 1912 Dessau
377 1851 463 1931 8148
488 1851 644 1935 (formam
668 1855 794 1939 dialogi
818 1875 899 1939 prae
923 1874 959 1917 se
984 1853 1050 1917 fert
1071 1850 1217 1935 titulus):

156 1966 275 2037 Labeo
304 1969 457 2053 Thyrso:
482 1993 566 2056 rogo
590 1983 635 2052 te,
661 1977 787 2059 expedi
811 1976 857 2039 mi
882 1975 1085 2058 hospitium;
1112 1991 1191 2035 nam
1215 1969 1308 2053 quod

155 2086 210 2150 hic
234 2090 278 2152 ad
302 2111 443 2174 superos
467 2093 513 2156 mi
538 2095 673 2172 dedisti,
698 2097 827 2160 eiectus
850 2116 935 2160 sum.
961 2094 1114 2178 Thyrsus
1135 2089 1309 2156 Labeoni:

156 2209 252 2287 veni;
277 2213 392 2276 omnia
415 2219 533 2296 parata
557 2224 636 2280 sunt
660 2217 704 2280 ad
729 2235 795 2281 me.

202 2420 333 2486 Pariter
353 2422 398 2486 Di
419 2425 539 2489 Manes
559 2434 720 2508 rogantur
740 2446 760 2490 a
780 2425 922 2489 mortuis
942 2433 1002 2489 aut
1021 2445 1042 2489 a
1060 2421 1313 2507 superstitibus,

159 2549 198 2605 ut
220 2539 332 2606 levem
356 2545 544 2627 praebeant
568 2554 704 2611 terram.

159 2661 240 2725 Bch.
259 2679 359 2748 1117:
384 2685 446 2728 vos
469 2686 634 2749 precoro
658 2668 789 2744 Manes
813 2668 857 2732 sit
882 2666 964 2730 mihi
989 2675 1079 2731 terra
1102 2664 1186 2728 levis
1199 2660 1234 2748 ²).

159 2781 241 2846 Βοὴ.
259 2800 343 2868 1029
367 2785 454 2869 (orat
478 2789 617 2853 maritus
640 2789 840 2872 superstes):

383 2927 473 2971 nunc
494 2930 555 2974 vos
576 2917 758 2987 contestor,
780 2909 908 2986 Manes
921 2908 1044 2992 quibus
1057 2927 1133 2971 ossa
1145 2905 1310 2988 relinquo,

432 3029 558 3108 Tellus,
583 3030 661 3095 huic
684 3031 815 3095 tumulo
839 3050 883 3094 ne
905 3030 1018 3113 gravis
1042 3047 1115 3091 esse
1140 3025 1234 3090 velia.

162 3146 343 3232 Bch.1155
372 3150 492 3234 (mater
516 3152 736 3216 inhonorem
757 3151 846 3215 filiae
867 3170 982 3215 versus
995 3149 1183 3213 inscribens
1197 3166 1315 3210 monu-

431 3279 547 3334 mento
572 3271 769 3355 patronae):

386 3399 540 3472 optestor
564 3391 684 3454 Manes
709 3391 849 3454 meritae
873 3396 1081 3471 sanctaeque
1106 3395 1271 3471 patronae
1317 3404 1319 3407 ·

433 3519 469 3573 et
492 3531 692 3595 comprecor
715 3520 753 3574 ut
776 3510 843 3575 leni
868 3519 957 3574 terra
981 3517 1077 3592 tegat
1101 3507 1233 3572 tumulo
1247 3503 1282 3592 ³).

199 3708 225 3777 1)
244 3710 277 3761 cs.
296 3712 451 3778 Marquardt
478 3713 667 3763 Privatleben²
694 3729 721 3778 p.
741 3722 792 3776 353
820 3711 852 3761 de
876 3712 928 3761 ritu
947 3709 1108 3776 sepeliendi:
1129 3709 1197 3774 „Die
1215 3705 1315 3761 Abnen
1397 3729 1400 3734 ·

168 3798 340 3862 „erseheinen
357 3814 401 3848 um
420 3798 473 3849 deu
490 3799 596 3849 Todten
614 3799 642 3849 in
661 3799 704 3848 die
723 3797 868 3849 Unterwelt
886 3796 1041 3862 abzuholen,
1056 3795 1111 3845 und
1126 3795 1220 3845 suhren
1235 3794 1316 3845 daher

169 3884 238 3948 „den
256 3885 338 3950 Zug.’'
358 3886 439 3953 Apud
457 3886 612 3953 Euripidem
630 3885 702 3952 (Alc.
722 3883 783 3952 870,
803 3883 867 3952 871)
885 3884 943 3949 ipse
963 3880 1067 3937 θάνατος
1084 3888 1200 3930 mortuos
1209 3881 1317 3933 abducit

169 3972 203 4022 ad
231 3972 336 4040 inferos,
363 3975 415 4024 alio
442 3974 502 4025 loco
529 3976 587 4040 ipse
615 3973 705 4023 Hades
728 3979 773 4023 aut
798 3973 916 4022 Hermes.
941 3970 1070 4020 cl..Plato
1089 3968 1187 4018 Phaed.
1210 3968 1316 4031 107D.:

171 4057 278 4120 λέγεται
296 4055 323 4107 lt
341 4058 428 4117 οὕτως,
446 4058 477 4116 ὥς
495 4057 542 4122 ἄρα
555 4056 750 4115 τελευτήσαντα
763 4056 871 4106 ἕκαστον
884 4056 898 4104 ὃ
913 4052 1024 4105 ἕκαστον
1034 4052 1136 4114 δαίμων,
1145 4051 1221 4115 ὅσπερ
1231 4051 1317 4118 ζῶντα

170 4137 280 4202 εἰλήχει,
298 4133 371 4199 οὗτος
398 4139 469 4204 ἄγειν
495 4137 619 4204 ἔτνχννρνῖ
643 4139 677 4198 εἰς
704 4138 735 4197 δή
760 4156 817 4188 τινα
842 4140 928 4198 τόπον,
954 4131 981 4187 cl
1001 4134 1041 4186 δεῖ
1066 4134 1126 4191 τοὺς
1143 4133 1321 4198 συλλεγέντας

171 4221 395 4285 διαδικαταμένονς
413 4222 448 4281 εἷς
465 4221 556 4272 Ἅιδαν
570 4221 714 4284 πορεύεσθαι
730 4222 798 4283 μετα
814 4219 935 4284 ἡγεμόνος
950 4216 1052 4275 ἐκείνου,
1062 4213 1078 4280 ᾧ
1089 4215 1119 4274 δὴ
1130 4215 1322 4280 προστέτακται

171 4308 232 4365 τοὺς
258 4305 350 4358 ἐνθένδε
376 4303 458 4356 ἐκεῖσε
482 4309 609 4369 τυροῦται.
635 4307 765 4359 Plutarch.
791 4306 824 4357 de
850 4321 908 4357 sera
933 4304 1032 4354 numin.
1051 4303 1124 4353 vind.
1143 4316 1177 4353 22
1198 4319 1225 4369 p.
1246 4302 1326 4368 563d

170 4397 320 4464 (Dieterich
337 4397 383 4448 l.l.
403 4414 429 4463 p.
452 4407 500 4462 145
512 4396 594 4463 sqq.).

202 4485 231 4552 2)
249 4485 283 4534 cl.
302 4485 433 4535 Cholodn.
452 4483 520 4548 487:
539 4483 686 4533 Incolumes
706 4489 827 4547 parentes
844 4495 944 4547 manes,
963 4484 1047 4529 estote
1063 4477 1137 4543 boni,
1148 4483 1176 4527 ut
1185 4476 1275 4526 martis
1286 4476 1326 4544 (ἓ)

548 4570 577 4619 in
597 4585 661 4635 pace
679 4571 751 4618 bona
770 4568 895 4634 quiescat.

203 4658 231 4728 3)
251 4659 284 4710 cl.
302 4659 366 4709 Bch.
389 4657 470 4709 1280:
490 4659 653 4723 sacravitque
665 4656 721 4706 deis
731 4656 856 4706 Manibus
865 4654 1047 4704 huncinerem.
1058 4649 1108 4718 (sic
1120 4650 1212 4701 reiecit
1221 4649 1327 4718 editor).

639 4822 838 4835 *—

1371 4822 1507 5144 A
