3134 5476
673 410 731 477 ¹3¹

127 571 306 637 Praeterea
328 570 449 637 Senec.
473 574 517 638 ad
541 573 644 638 Marc
666 574 710 638 de
730 543 859 638 consol.
885 591 934 657 19.
946 587 1010 656 4.5
1035 580 1070 638 et
1082 593 1169 657 quae
1182 573 1281 638 huius

125 690 202 755 libri
226 700 329 776 caput
353 692 380 769 I,
404 714 482 777 pars
506 693 522 757 I
546 693 564 776 ξ
591 707 607 775 5
635 694 678 758 de
702 714 825 758 somno
849 694 1055 758 dictasunt.

170 914 190 1000 ξ
213 918 244 980 8.
268 914 317 986 B.
350 918 456 1002 Apud
487 919 741 1020 antiquissimos
765 919 950 995 Romanos,
974 919 1031 1002 qui
1057 918 1210 1002 planiora
1233 919 1276 981 de

128 1047 338 1104 mortuorum
373 1041 574 1107 condicione
605 1050 641 1107 et
670 1041 828 1106 uberiora
852 1042 1005 1105 nondum
1031 1039 1217 1125 proferunt,
1241 1040 1279 1104 di

121 1169 303 1243 pareutum
326 1168 460 1226 tantum
481 1170 809 1227 commemorantur:
831 1169 910 1225 sunt
922 1160 1161 1225 defunctorum
1174 1161 1278 1224 maio·

126 1300 201 1343 rum
236 1281 380 1359 animae,
417 1302 562 1365 quorum
598 1282 801 1367 praecipuae
833 1290 948 1366 partes
978 1290 1076 1346 erant
1107 1281 1141 1345 in
1173 1282 1278 1345 domo

126 1398 321 1484 familiaque
345 1403 491 1479 tuendiS,
514 1401 583 1485 qui,
608 1403 730 1467 diebus
753 1402 984 1487 parentalibus
1007 1410 1043 1466 et
1062 1400 1240 1466 Feralibus
1256 1397 1278 1485 ¹)

126 1519 337 1599 colebantur,
364 1523 487 1605 quibus
512 1523 672 1587 Lemuria
686 1520 710 1608 ²)
737 1544 875 1607 quoque
898 1544 994 1588 sacra
1017 1531 1125 1587 erant.
1150 1523 1202 1586 De
1226 1522 1279 1586 dis

125 1641 285 1706 Manibus
307 1649 485 1727 praeterea
504 1645 597 1729 apud
610 1664 669 1708 eos
681 1665 793 1709 sermo
806 1653 868 1722 est,
881 1665 951 1728 quo
964 1645 1102 1709 nomine
1115 1650 1278 1707 notantur

126 1769 161 1825 et
194 1763 529 1847 comprehenduntur
560 1785 678 1829 omnes
710 1766 829 1830 mortis
858 1774 962 1850 atque
993 1764 1177 1829 inferorum
1208 1764 1276 1828 dei.

126 1884 249 1948 Postea
262 1881 285 1967 8)
305 1885 399 1969 ipsae
421 1894 630 1950 mortuorum
650 1887 784 1950 animae
805 1886 921 1950 divina
941 1892 1112 1969 potestate
1124 1884 1276 1968 singulae

125 2003 188 2068 srui
213 2012 384 2088 putantur,
405 2026 493 2088 quae
512 2006 645 2071 animae
665 2007 802 2071 divinae
814 2007 953 2071 nomine
962 1998 1108 2070 ¹deorum
1122 2005 1275 2068 Manium

125 2124 334 2208 significatae
357 2127 392 2190 in
417 2128 559 2191 deorum
583 2136 763 2212 parentum
787 2126 900 2191 locum
923 2127 1127 2203 succedunt;
1153 2126 1278 2190 usitata

126 2252 198 2309 tum
222 2246 257 2311 in
281 2246 388 2311 titulis
412 2247 450 2311 fit
473 2247 633 2312 formula:
659 2249 721 2312 Dis
745 2247 904 2312 Manibus
928 2247 1015 2311 illius
1028 2243 1064 2330 4).

169 2367 399 2433 Posteriorum
423 2369 571 2453 denique
590 2379 785 2453 temporum
805 2377 869 2446 est,
882 2369 1090 2453 distinguere
1102 2368 1276 2443 Lemures,

125 2487 263 2567 Larvas,
298 2490 382 2554 deos
414 2490 542 2566 Manes,
576 2499 614 2553 ut
642 2489 766 2573 legitur
796 2491 888 2574 apud
921 2488 1118 2574 Apuleium,
1142 2491 1186 2554 de
1210 2490 1276 2553 deo

125 2606 275 2674 Socratis
303 2625 360 2692 15:

172 2730 255 2813 ,Est
278 2738 313 2795 et
335 2733 486 2796 secundo
510 2732 645 2815 signatu
669 2732 801 2816 species
825 2733 1042 2809 daemonum,
1064 2731 1195 2795 animus
1216 2729 1276 2794 hu·

127 2869 266 2932 ,manus
290 2858 412 2914 exutus
435 2860 471 2915 et
493 2850 589 2928 liber,
613 2853 793 2937 stipendiis
816 2853 907 2916 vitae
932 2871 1075 2937 corpore
1099 2872 1161 2915 suo
1180 2850 1275 2915 abiu·

128 2971 238 3052 ,ratis
255 2970 356 3035 Hunc
369 2979 484 3036 vetere
498 2973 622 3036 Latina
635 2972 749 3056 lingua
761 2972 894 3056 reperio
907 2972 1083 3037 Lemurem
1096 2973 1273 3036 dictatum.

127 3091 202 3173 ,Ex
225 3092 316 3156 hisce
341 3113 422 3177 ergo
447 3093 659 3170 Lemuribus,
685 3094 743 3176 qui
768 3103 980 3178 posterorum
1001 3113 1138 3156 suorum
1159 3114 1273 3157 curam

126 3212 284 3293 ,sortitus
319 3222 442 3296 pacato
474 3222 509 3277 et
539 3214 656 3296 quieto
688 3215 826 3278 numine
858 3215 998 3278 domum
1029 3213 1184 3296 possidet
1208 3213 1275 3276 Lar

127 3332 269 3414 „dicitur
291 3331 473 3397 familiaris.
498 3332 565 3417 Qui
590 3354 671 3398 vero
695 3344 837 3419 propter
860 3335 1003 3399 adversa
1027 3334 1117 3398 vitae
1142 3334 1274 3409 merita,

126 3451 243 3534 ,nullis
267 3452 366 3516 bonis
388 3453 537 3530 sedibus,
563 3455 692 3518 incerta
716 3455 909 3537 vagatione,
931 3475 993 3518 ceu
1007 3456 1157 3537 quodam
1171 3452 1273 3517 exilio

125 3574 291 3658 ,punitun
317 3574 417 3638 inane
437 3574 749 3639 terriculamentum
772 3575 871 3639 bonis
883 3575 1088 3653 hominibus,
1101 3584 1274 3638 caeterum

125 3695 284 3778 „noxium
310 3694 415 3771 malis,
441 3695 530 3758 hunc
551 3694 703 3779 plerique
723 3695 873 3760 Larvam
887 3695 1079 3779 perhibent.
1093 3695 1179 3759 Cum
1191 3714 1272 3758 vero

125 3816 310 3897 ‚incertum
334 3822 386 3879 est
409 3834 496 3898 quae
521 3815 643 3897 cuique
666 3815 800 3880 sortitio
824 3816 987 3891 evenerit,
1008 3823 1120 3878 utrum
1141 3815 1209 3878 Lar
1228 3815 1272 3878 sit

126 3954 187 4018 ,an
223 3936 345 4012 Larva,
377 3936 515 3999 nomine
545 3935 700 4000 Manium
732 3937 827 4000 deum
853 3944 1052 4020 nuncupant
1075 3944 1109 3999 et
1132 3935 1270 3999 honoris

89 4068 93 4078 '
125 4056 252 4139 ,gratia
275 4055 340 4119 Dei
365 4054 569 4119 vocabulum
593 4056 750 4120 additum
774 4054 897 4139 est”³).

154 4286 181 4354 1)
199 4287 233 4338 cf.
252 4288 382 4339 Wissowa
400 4289 443 4339 l.l.
464 4306 491 4356 p.
513 4289 571 4354 187.
859 4287 888 4356 2)
915 4289 948 4339 cf.
968 4288 1032 4339 ibid.
1043 4306 1069 4355 p.
1091 4288 1150 4353 189.

150 4373 178 4442 3)
196 4374 355 4442 BSchroder,
384 4376 490 4426 Bonner
516 4377 606 4441 Jahrb.
635 4393 662 4442 p.
682 4375 730 4427 66:
752 4375 923 4440 „Griechisch
941 4376 975 4424 ist
994 4377 1036 4425 die
1057 4375 1121 4426 Sitte
1140 4377 1187 4426 der
1206 4378 1270 4427 Ver·

122 4466 260 4528 „gottunffi
277 4469 354 4512 unter
373 4462 570 4513 Griechischem
588 4463 703 4513 Einflusz
722 4463 830 4528 gelangt
848 4463 885 4512 sie
905 4463 973 4512 nach
989 4464 1065 4529 Rom,
1076 4463 1270 4528 gewinntetwa

123 4548 187 4613 „seit
214 4549 302 4599 Nerva
329 4550 484 4615 allgemeine
510 4551 684 4615 Verbreitung
709 4549 765 4600 und
788 4549 860 4599 stellt
884 4550 940 4599 sich
958 4551 1044 4600 neben
1063 4551 1115 4599 deu
1133 4550 1271 4601 italischen

122 4634 253 4700 „Geniem
262 4635 318 4685 und
328 4636 570 4703 Manenglauben’,
580 4636 608 4685 id
618 4637 690 4702 quod
701 4637 744 4685 vix
754 4637 844 4686 vetum
854 4635 964 4686 videtur.
972 4636 1004 4686 cf.
1013 4653 1039 4702 p.
1051 4646 1098 4702 105
1111 4643 1137 4687 et
1146 4637 1233 4689 adnot.
1248 4651 1270 4687 1.

149 4720 181 4788 4)
198 4722 239 4772 De
257 4721 298 4772 dis
318 4724 471 4788 parentibus
491 4724 519 4773 in
537 4724 621 4774 titulis
639 4724 683 4774 vix
703 4739 787 4774 sermo
806 4730 853 4776 est.
872 4723 906 4774 ci.
924 4723 1001 4773 huius
1020 4723 1081 4774 libr.
1099 4740 1157 4789 cap.
1176 4725 1202 4775 11
1221 4723 1270 4792 57.
1289 4763 1292 4768 .

151 4807 179 4876 5)
197 4807 231 4860 cf.
250 4809 379 4860 Wissowa
395 4810 441 4862 l.l.
460 4827 488 4877 p.
512 4820 570 4877 153.

1372 4962 1480 5136 A
