3134 5476
2 4714 177 5088 h

786 367 830 447 46

236 551 520 636 ,euphemistisch
550 561 702 634 genannt
726 553 873 628 werden,
897 553 1009 615 einem
1034 551 1180 627 Namen,
1204 550 1267 613 der
1290 548 1387 613 nicht

235 675 450 757 „bestimmte
482 672 646 757 gottliche
672 673 843 737 Personen
868 671 1128 748 kennzeichnet,
1154 671 1304 735 sondern
1330 671 1386 733 die

236 795 342 878 ,nach
367 793 451 858 Zahl
475 794 544 858 und
565 794 692 858 Wesen
712 793 956 858 unbestimmte
976 793 1088 856 Masse
1109 792 1170 855 der
1189 793 1236 854 im
1257 791 1386 855 Toten·

235 915 366 998 „reiche
401 915 594 979 waltenden
629 913 842 992 Gottheiten,
875 914 936 978 der
966 915 1001 978 di
1033 914 1142 988 inferi,
1174 933 1387 977 zusammen·

236 1034 358 1118 ,lasst”
375 1033 410 1119 ¹).

277 1154 333 1220 Sic
357 1154 524 1218 Wissowa
547 1153 600 1218 l.l.
625 1174 702 1238 pag.
732 1170 802 1237 192.

276 1277 321 1340 Di
335 1283 515 1361 parentum
527 1283 643 1339 autem
656 1276 765 1338 isdem
777 1275 842 1339 illis
855 1275 1068 1359 temporibus
1081 1275 1301 1339 nominantur
1313 1293 1385 1336 um·

232 1398 314 1462 brae
333 1398 510 1473 maiorum,
523 1417 611 1480 quae
624 1395 678 1461 vel
690 1406 770 1479 post
783 1404 929 1460 mortem
942 1417 995 1459 res
1008 1403 1222 1479 posterorum
1235 1402 1385 1459 tuentur.

278 1520 331 1582 De
356 1519 408 1582 dis
431 1517 630 1601 parentibus
654 1517 688 1580 in
712 1516 819 1581 titulis
843 1517 902 1581 vix
924 1537 1036 1581 sermo
1060 1525 1122 1580 est.

233 1638 371 1704 cf.Bch.
385 1639 500 1723 3763:
522 1638 572 1702 fas
597 1645 669 1702 erat
695 1647 731 1702 ut
755 1638 868 1722 potius
893 1645 992 1702 natus
1016 1638 1135 1701 funera
1158 1636 1257 1700 nobis

513 1760 679 1843 penderet
688 1760 850 1842 etdignos
859 1758 987 1823 coleret
996 1757 1384 1841 Manesquepatresque,

512 1879 540 1942 si
565 1879 717 1943 Fortuna
741 1880 796 1961 pie
821 1886 989 1943 servasset
1013 1886 1094 1942 vota
1117 1886 1310 1961 parentum.

234 2000 315 2065 Bch.
342 2014 416 2084 579,
440 2000 474 2064 in
499 2021 567 2083 quo
591 2001 740 2064 carmine
764 2020 876 2064 sermo
900 2008 951 2064 est
974 2002 1018 2065 de
1043 2001 1255 2064 monimento
1278 1999 1387 2063 Mani·

279 2121 342 2185 bus
365 2121 505 2185 addicto
528 2122 698 2204 sacrisque
714 2122 885 2205 priorum.

236 2240 317 2304 Bch.
347 2241 447 2304 1216:
494 2248 529 2305 et
553 2240 653 2305 faciet
677 2240 813 2305 suboles
836 2241 962 2306 multos
986 2249 1174 2305 memorata
1198 2261 1259 2324 per
1278 2260 1387 2304 annos

658 2383 754 2427 sacra
776 2363 849 2427 deis
872 2363 1094 2446 patribusque
1118 2364 1196 2427 suis.

237 2481 319 2547 Bch.
344 2498 408 2566 207
432 2483 467 2546 in
490 2481 700 2566 subscripto:
748 2483 800 2546 dis
823 2484 1045 2566 genitoribus.

237 2603 318 2667 Bch.
347 2604 430 2685 1583
455 2602 509 2686 (ε
523 2603 653 2666 Dessau
675 2602 792 2686 7519lz
814 2604 854 2667 L.
874 2603 1025 2667 Licinius
1044 2602 1126 2667 M.f.
1149 2601 1255 2665 Pollia
1268 2601 1388 2685 Nepos

279 2723 429 2808 lapidem
461 2724 575 2807 posuit
605 2744 802 2807 supremum
833 2732 966 2788 semoto
997 2723 1074 2787 loco
1098 2724 1162 2789 diis
1187 2723 1387 2807 parentibus

278 2845 346 2908 suis
358 2842 395 2927 ²).

277 2965 469 3029 Titulorum
501 2965 593 3028 enim
622 2985 701 3048 pars
732 2965 840 3029 maior
863 2985 940 3028 cum
964 2965 1075 3049 primo
1098 2964 1233 3028 saeculo
1257 2986 1288 3028 a.
1302 2964 1339 3029 C.
1354 2985 1386 3027 n.

233 3106 301 3149 non
322 3085 366 3148 sit
385 3085 567 3167 antiquior,
587 3084 730 3147 deorum
743 3093 856 3148 autem
869 3093 1048 3168 parentum
1062 3085 1157 3148 notio
1176 3104 1217 3147 eo
1230 3092 1386 3167 tempore

232 3205 300 3268 iam
335 3205 512 3268 recesserit
527 3201 549 3287 ³)
584 3205 688 3287 inque
723 3205 794 3267 eius
826 3204 938 3268 locum
970 3225 1039 3268 vox
1072 3225 1159 3288 quae
1191 3212 1243 3267 est
1268 3203 1388 3267 Manes

234 3325 397 3408 paulatim
441 3326 657 3402 successerit,
704 3325 824 3389 Manes
858 3326 912 3389 vel
949 3327 993 3389 Di
1031 3326 1151 3389 Manes
1186 3325 1387 3409 plerumque

239 3454 471 3510 memorantur
483 3441 519 3528 4).

283 3566 364 3630 Vox
387 3567 460 3649 ipsa
485 3565 527 3628 de
552 3573 672 3628 natura
697 3585 737 3628 ac
761 3565 867 3647 figura
891 3573 1102 3629 mortuorum
1123 3565 1207 3629 nihil
1227 3565 1387 3631 declarat.

236 3685 304 3751 Sed
337 3686 416 3750 vino
440 3694 475 3749 et
499 3685 577 3749 cibo
602 3685 667 3748 coli
691 3685 803 3748 solent
829 3685 959 3762 Manen,
984 3688 1075 3749 unde
1099 3694 1244 3769 apparet
1268 3695 1389 3750 natura

233 3808 386 3891 corporis
410 3827 469 3870 eos
492 3826 566 3870 esse
591 3806 775 3890 praeditos.

279 3927 399 3991 Manes
430 3935 556 4001 autem,
590 3925 693 4008 vulgo
726 3926 770 3988 Di
805 3925 932 4002 Manes
958 3935 1037 3990 sunt
1062 3927 1196 4002 mortui,
1221 3920 1390 4007 quatenus

239 4184 368 4251 „Geister,
392 4182 524 4233 allenlalls
549 4180 782 4249 euphemistisch‘’,
805 4189 831 4233 et
856 4183 982 4235 Vanidelr.
1009 4183 1124 4249 Etymol.
1148 4184 1324 4234 Wbrterbuch
1343 4184 1390 4234 der

239 4274 298 4323 Lat.
318 4271 463 4337 Sprachel,
483 4287 509 4336 p.
530 4283 583 4320 200
602 4268 677 4336 (Bch.
699 4269 818 4332 1164.1:
838 4272 874 4320 Di
893 4271 996 4338 Manes,
1015 4287 1104 4321 manes
1122 4272 1200 4339 sitis).

274 4359 300 4427 1)
318 4360 351 4409 cl.
371 4359 435 4409 Bch.
457 4359 538 4408 1262:
558 4358 664 4407 numina
684 4373 755 4408 nunc
773 4358 877 4408 inferna
895 4374 996 4423 precor.
1015 4359 1116 4409 Dessau
1136 4357 1221 4408 8000:
1241 4357 1282 4407 dis
1300 4358 1392 4408 inferis

247 4460 355 4495 sacrum.

273 4531 301 4599 2)
320 4533 353 4582 cf.
379 4533 480 4582 Dessau
501 4543 569 4596 7999
588 4530 646 4599 (ubi
665 4531 717 4582 vid.
737 4530 852 4598 adnot.):
871 4532 928 4582 deis
945 4532 1057 4582 inferum
1076 4540 1214 4598 parentum
1233 4547 1344 4599 sacrum,
1363 4540 1390 4584 et

241 4618 326 4684 8047:
346 4619 386 4669 dis
404 4620 551 4684 parentium
570 4627 597 4669 et
616 4620 702 4669 Genio
720 4619 805 4669 Vituli
823 4620 886 4670 fecit
903 4627 986 4670 mater
1004 4620 1022 4669 f.
1042 4620 1169 4685 piissimo.

270 4705 298 4773 3)
317 4707 350 4756 cf.
370 4707 498 4756 Wissowa
515 4706 559 4756 1.1.
579 4722 643 4771 pgg.
666 4705 714 4770 187
734 4713 760 4756 et
782 4719 841 4770 192.

268 4792 298 4860 4)
316 4794 350 4844 cl.
368 4793 444 4843 huius
463 4793 524 4843 libri
544 4794 623 4859 capit.
643 4793 728 4860 11115
747 4792 772 4843 8.
