3134 5476
698 400 732 446 11

141 578 201 638 „ea
236 557 346 624 iacere
381 563 455 645 ipsa
491 585 552 646 per
582 585 618 628 se
650 564 826 640 laetitiam,
859 563 893 626 id
918 571 979 639 est,
1004 560 1239 645 voluptatem”
1256 556 1288 642 ¹).

182 679 298 743 Etiam
323 680 515 747 Stoicorum
538 683 775 769 irrirauovriff)
801 706 888 768 quae
914 685 1046 759 dicitur,
1070 683 1113 746 ad
1134 683 1289 746 interitus

137 801 382 883 cogitationem
402 805 584 870 adduxisse
606 806 731 871 multos
744 808 814 871 veri
827 805 936 869 simile
948 814 1009 880 est,
1023 824 1100 867 cum
1113 803 1287 867 hominem

137 920 192 983 vel
215 923 366 987 animum
390 925 616 990 immortalem
641 948 714 990 esse
738 927 944 1009 posteriores
968 930 1141 1006 negarent.
1162 923 1204 986 cf.
1218 922 1288 988 Cic.

138 1046 239 1110 Tusc.
265 1045 351 1128 disp.
381 1065 406 1109 1.
433 1063 485 1129 32·
506 1063 565 1130 79:
591 1046 797 1128 „Credamus
817 1046 919 1129 igitur
939 1045 1102 1109 Panaetio
1115 1065 1135 1109 a
1148 1045 1289 1109 Platone

142 1188 222 1248 „suo
242 1165 477 1230 dissentienti?
499 1165 610 1249 Quem
631 1168 722 1230 enim
743 1167 901 1231 omnibus
914 1166 997 1230 locis
1010 1165 1173 1240 divinum,
1187 1186 1290 1248 quem

141 1286 457 1369 „sapientissimum
479 1308 581 1370 quem
602 1288 862 1363 sanctissimum,
884 1307 986 1369 quem
1007 1286 1196 1349 Homerum
1218 1285 1291 1368 phi-

143 1406 381 1490 „losophorum
417 1407 578 1490 appellat,
618 1407 717 1471 huius
753 1409 841 1471 hanc
877 1428 979 1470 unam
1015 1406 1223 1469 sententiam
1248 1405 1290 1469 de

144 1528 419 1609 „immortalitate
443 1528 634 1592 animorum
660 1549 728 1593 non
753 1527 911 1611 probat’'.

184 1647 316 1712 Seneca
327 1645 349 1733 ³)
368 1648 564 1713 dubitanter
578 1650 620 1713 de
634 1647 892 1712 immortalitate
906 1648 1019 1712 dicere
1032 1646 1129 1722 solet,
1142 1647 1292 1730 apertius

140 1769 276 1833 Marcus
299 1768 459 1832 Aurelius
471 1765 508 1852 ⁴),
532 1777 635 1852 negat
660 1768 831 1833 Cornutus
844 1766 878 1851 5).

185 1889 224 1953 In
245 1888 543 1953 Consolationibus
556 1887 580 1972 ⁰)
602 1909 670 1953 non
691 1909 766 1952 raro
788 1896 930 1971 negatur
951 1887 1205 1963 immortalitas;
1227 1907 1290 1950 nec

140 2017 255 2073 tamen
281 2008 529 2092 neglegendum
554 2016 605 2073 est
629 2009 734 2072 nimio
759 2009 930 2072 interdum
955 2007 1153 2072 consolandi
1177 2006 1291 2070 studio

141 2129 308 2193 adductos
339 2149 413 2192 esse
441 2128 634 2211 scriptores,
666 2137 704 2191 ut
736 2128 818 2193 talia
850 2127 1079 2211 perhiberent.
1104 2125 1147 2190 cf.
1172 2125 1292 2190 Senec.

140 2250 184 2314 ad
210 2250 314 2314 Marc.
340 2250 382 2313 de
407 2249 534 2313 consol.
565 2268 613 2331 19.
641 2263 687 2330 5.:
716 2249 830 2331 „Mors
849 2269 912 2312 nec
932 2249 1060 2312 bonum
1083 2268 1146 2311 nec
1168 2247 1293 2310 malum

141 2368 240 2454 est.⁷)
272 2371 307 2434 id
338 2371 430 2433 enim
462 2377 578 2453 potest
609 2378 668 2432 aut
698 2369 827 2433 bonum
855 2377 914 2432 aut
940 2368 1066 2432 malum
1090 2389 1174 2444 esse,
1199 2368 1292 2450 quod

145 2491 290 2574 „aliquid
315 2500 376 2555 est.
400 2493 489 2574 quod
507 2511 587 2555 vero
610 2492 715 2569 insum
740 2491 828 2555 nihil
848 2502 896 2554 est
918 2503 950 2555 et
968 2490 1079 2555 omnia
1097 2490 1131 2553 in
1152 2489 1294 2553 nihilum

144 2614 297 2697 „redigit,
334 2611 415 2675 nulli
448 2632 510 2676 nos
541 2612 696 2675 fortunae
727 2611 843 2675 tradit.
876 2631 944 2674 non
975 2618 1090 2693 potest
1114 2610 1149 2673 id
1173 2617 1294 2673 natura

144 2742 289 2814 „tenere
326 2731 418 2815 quod
455 2740 575 2796 natura
606 2732 753 2807 demisit,
784 2752 840 2796 nec
864 2743 974 2815 potest
1003 2732 1105 2795 miser
1135 2752 1212 2806 esse,
1235 2732 1294 2814 qui

145 2854 274 2935 „nullus
296 2851 376 2918 est.”
390 2851 425 2937 8).

186 2973 283 3038 Talia
302 2995 383 3038 vero
404 2994 473 3037 non
494 2973 601 3037 multa
614 2973 820 3056 irrepserunt
833 2973 866 3036 in
880 2973 1031 3036 carmina
1043 2971 1243 3055 sepulcralia
1256 2970 1291 3054 ⁰),

176 3160 202 3227 1)
220 3163 261 3211 De
288 3162 372 3212 causis
400 3161 496 3228 quibus
524 3160 631 3211 adducti
656 3167 708 3210 tam
732 3159 809 3209 multi
834 3159 943 3226 Epicuri
962 3160 1096 3210 doctrinae
1115 3160 1239 3210 favebant
1259 3160 1292 3210 cf.

148 3247 261 3312 Woltjer
278 3249 322 3298 l.l.
341 3265 367 3314 p.
387 3257 401 3313 5
423 3265 483 3314 sqq.

172 3334 200 3401 2)
218 3335 251 3385 ci.
271 3336 327 3386 Cic.
346 3337 425 3386 Tusc.
444 3336 513 3400 disp.
527 3350 549 3385 1.
560 3348 602 3399 31.
615 3345 662 3399 77:
673 3335 718 3384 diu
728 3351 864 3385 mansuros
873 3335 947 3384 aiunt
957 3334 1067 3401 animos,
1077 3350 1180 3400 semper
1189 3340 1295 3399 negant.

175 3422 203 3489 3)
221 3422 254 3472 cf.
273 3422 368 3473 Rohde
387 3422 430 3472 l.l.
449 3423 494 3473 11⁸
512 3439 539 3488 p.
560 3422 611 3487 328
631 3422 721 3472 adnot.
740 3437 765 3484 4.

173 3508 202 3575 4)
221 3506 280 3568 μετ’
297 3506 324 3556 ar’r
342 3507 408 3557 πολὺ
426 3505 504 3566 οὐδεὶς
521 3505 633 3568 οὒδαμοῦ
650 3505 697 3570 ’ἐσμ
715 3508 788 3576 (XII.
809 3508 863 3576 21).

175 3597 202 3660 5)
221 3595 351 3646 Cornutus
367 3596 438 3662 apud
458 3597 531 3647 Stob.
551 3596 600 3646 ecl.
618 3597 640 3646 I.
660 3596 720 3662 383,
740 3596 873 3662 24-384,
893 3610 907 3646 2
928 3596 970 3645 W.

121 3727 124 3732 .
171 3682 200 3749 6)
217 3684 260 3732 De
278 3683 379 3733 ratione
399 3699 466 3748 quae
486 3690 557 3733 extat
576 3685 671 3749 partim
690 3684 759 3733 iuter
777 3684 951 3748 philosophos
970 3686 1115 3747 poetasque
1135 3689 1161 3732 et
1177 3682 1295 3732 consola-

142 3768 235 3835 tiones,
256 3770 351 3835 partim
369 3769 438 3819 inter
454 3770 648 3820 consolationes
665 3778 691 3821 et
707 3770 797 3820 titulos
814 3772 948 3819 Romanos
964 3769 1063 3834 optime
1073 3769 1196 3819 disseruit
1205 3770 1292 3819 Bruno

143 3853 204 3904 Lier
221 3855 264 3905 l.l.
283 3871 346 3921 pgg.
368 3869 400 3906 ιο
419 3863 445 3906 et
467 3869 507 3907 11.

175 3941 202 4008 7)
220 3941 253 3991 cs.
272 3942 336 3993 Bch.
354 3953 436 4006 1497:
454 3943 507 3992 vita
523 3944 623 3993 bonurn
632 3949 671 3994 est
681 3950 708 3993 et
717 3943 771 3993 vita
780 3943 886 4009 malum,
896 3958 966 3992 mors
974 3947 1093 3992 neutrum
1103 3942 1182 3992 habet
1191 3942 1293 3992 horum.

173 4026 202 4095 8)
220 4029 244 4078 Α
269 4029 365 4094 quibus
384 4045 490 4095 prorsus
509 4030 613 4080 diversa
631 4030 749 4080 conferas
768 4046 836 4094 quae
854 4029 976 4095 leguntur
994 4030 1022 4079 in
1041 4029 1158 4079 eiusdem
1176 4029 1294 4080 consola-

145 4115 226 4165 tionis
249 4131 307 4182 cap.
327 4125 359 4180 25
380 4117 452 4166 etin
471 4117 532 4167 libri
549 4117 582 4166 ad
597 4117 735 4182 Polybium
752 4116 784 4166 de
800 4116 981 4166 consolatione
1000 4117 1086 4182 capite
1106 4129 1131 4179 9.
1142 4116 1166 4167 8.
1186 4116 1219 4166 cf.
1239 4116 1294 4166 Cic.

146 4204 223 4254 Tusc.
243 4204 313 4270 disp.
336 4217 358 4255 1.
369 4205 394 4254 6.
408 4217 448 4255 11.

177 4291 206 4358 9)
223 4291 256 4340 cf.
275 4292 331 4341 Das
349 4291 515 4342 Privatleben
534 4292 580 4342 der
599 4293 697 4342 Rdmer
716 4307 769 4341 von
788 4291 903 4342 Ioachim
921 4291 1074 4357 Marquardt
1090 4293 1151 4341 Pars
1166 4291 1234 4356 I²p.
1245 4293 1296 4355 365

147 4376 235 4427 adnot.
255 4377 271 4426 6
290 4377 308 4428 i.
318 4377 351 4428 f.:
382 4378 566 4442 „Nameutlich
590 4379 626 4428 im
653 4393 678 4429 2.
703 4378 758 4429 und
784 4392 809 4443 3.
826 4378 1003 4444 jahrhundert
1031 4378 1127 4442 sangen
1156 4377 1198 4428 die
1218 4376 1300 4427 Grab-

146 4463 287 4528 „schriiten
306 4480 351 4531 an,
368 4463 412 4513 die
432 4465 657 4515 Unsterblichkeit
676 4464 810 4514 eutweder
828 4481 859 4514 zu
877 4464 992 4528 leugueu
1008 4465 1072 4514 oder
1082 4480 1113 4514 zu
1123 4463 1299 4514 versichern”.

146 4549 219 4600 Idem
236 4550 349 4600 occurrit
367 4550 439 4616 apud
458 4550 580 4601 Graecos.
601 4553 671 4601 Raro
690 4551 815 4616 leguntur
833 4551 979 4601 sententiae
1000 4551 1134 4601 interitum
1153 4557 1214 4615 post
1232 4565 1299 4598 mor·

146 4642 198 4685 tem
226 4637 377 4703 probantes,
402 4652 461 4686 cum
479 4637 507 4686 in
526 4637 743 4703 inscriptionibus
762 4653 827 4703 quas
848 4636 956 4702 collegit
975 4637 1103 4686 Kaibelus
1122 4645 1177 4686 tum
1196 4637 1224 4686 in
1243 4636 1298 4701 epi·

140 4723 288 4786 grammatis
319 4722 497 4788 Anthologiae
532 4723 665 4774 Palatinae
700 4723 768 4773 libro
797 4723 857 4772 VII.
885 4723 1036 4773 cs.Eduard
1063 4722 1151 4789 Loch,
1179 4723 1217 4772 Zu
1245 4722 1296 4772 den

137 4808 330 4860 Griechischen
350 4809 588 4877 Grabinschriften,
607 4811 635 4860 iu
655 4809 838 4860 Friedlanders
858 4809 1014 4860 Festschrift
1034 4824 1061 4873 p.
1081 4820 1141 4872 277.
