3134 5476
765 396 805 463 53

205 567 383 645 praeterea
407 562 488 625 Bch.
515 575 587 644 552,
617 576 711 646 1559.
735 562 778 626 cf.
804 580 875 645 143,
898 579 972 645 213,
993 576 1356 647 995,1203,1559.14.

250 678 454 764 Saepissime
479 703 547 746 vox
570 683 603 746 in
628 681 736 746 titulis
759 681 959 746 Christianis
979 683 1112 765 legitur.
1133 683 1175 746 cf.
1188 681 1270 745 Bch.
1291 681 1358 761 684

205 799 387 884 (humanae
409 803 543 866 animae
567 823 698 867 rursum
722 803 756 867 in
780 824 841 868 sua
865 825 947 868 vasa
970 803 1153 887 redibunt),
1178 802 1254 887 696,
1279 815 1354 886 704,

206 922 282 1004 708»
314 937 390 1006 720,
423 938 498 1006 737,
529 939 605 1007 779,
629 939 705 1008 747,
729 937 805 1006 775,
831 925 906 1008 758,
932 925 1009 1008 760,
1034 939 1110 1008 777,
1140 923 1232 1006 7367,
1262 938 1356 1002 1401,

209 1054 303 1120 1420,
333 1056 427 1124 1423,
456 1057 549 1125 1435,
579 1059 673 1124 1442,
702 1060 795 1125 1443,
826 1061 919 1124 1444,
949 1044 1043 1127 1837.

248 1161 390 1225 Animus
412 1161 535 1246 legitur

204 1281 297 1362 apud
322 1280 404 1345 Bch.
429 1282 512 1364 6557

251 1400 345 1466 Urna
369 1401 592 1467 Valentinum
617 1402 708 1467 haud
732 1411 844 1468 totum
868 1404 954 1487 tegit
978 1403 1081 1468 haec:
1106 1403 1211 1467 habet
1235 1403 1307 1466 eius

249 1519 360 1584 celum
383 1515 544 1599 animum,
570 1531 648 1587 acta
670 1523 781 1607 orbis;
806 1543 884 1607 pars
903 1543 986 1607 ergo
1006 1523 1117 1587 minor
1137 1531 1253 1586 manet
1272 1521 1358 1586 istic.

206 1640 253 1705 Et
277 1640 419 1706 fortasse
447 1659 541 1725 1300.
554 1662 586 1727 9,
611 1644 638 1706 si
662 1651 755 1708 recte
778 1643 952 1728 supplevit
974 1642 1201 1708 Buechelerus
1220 1662 1358 1707 carmen

203 1758 304 1825 valde
328 1769 544 1846 corruptum:

251 1880 386 1944 divinae
410 1890 588 1946 remanent
611 1883 695 1948 haec
719 1884 798 1947 viva
820 1881 982 1966 ligamina
1005 1883 1128 1947 mentis

250 2020 393 2084 corpore
416 2002 553 2067 deserto
577 2023 665 2086 quae
687 2004 820 2067 sociant
844 2004 986 2067 animos.

249 2119 399 2205 Spiritus
423 2123 601 2188 interdum·
615 2145 677 2208 pro
690 2125 803 2189 anima
815 2124 938 2207 legitur
950 2125 1042 2207 quod
1056 2144 1157 2187 nemo
1170 2123 1358 2199 mirabitur,

206 2243 264 2324 qui
295 2244 388 2307 vocis
418 2245 556 2328 spiritus
587 2244 871 2327 significationem
904 2246 937 2308 in
969 2246 1118 2308 animam
1142 2243 1240 2308 facile
1264 2243 1357 2307 abire

205 2381 320 2425 secum
345 2365 563 2447 reputaverit.
586 2365 714 2429 Anima
733 2365 824 2429 enim
843 2366 916 2449 ipsa
936 2365 1072 2449 proprie
1093 2372 1145 2429 est
1165 2385 1256 2441 aura,
1270 2384 1358 2447 quae

207 2482 368 2565 spirando
392 2485 427 2547 in
447 2485 627 2568 pulmones
647 2486 835 2562 adducitur,
857 2485 994 2568 spiritus
1013 2491 1128 2548 autem
1149 2484 1285 2568 proprie
1305 2492 1358 2548 est

205 2603 295 2667 actio
308 2604 460 2688 spirandi
471 2602 504 2690 ¹).
514 2605 707 2670 Promiscue
720 2607 822 2689 igitur
835 2626 937 2670 voces
950 2605 1040 2669 haud
1053 2625 1129 2669 raro
1141 2612 1356 2688 usurpantur.

251 2725 348 2808 Lego
372 2727 463 2809 apud
488 2726 731 2791 Buechelerum
755 2726 858 2790 haec:

206 2844 288 2908 Bch.
315 2860 419 2928 1530:
867 2845 970 2910 vivax
993 2845 1038 2909 sit
1062 2845 1200 2928 spiritus
1224 2843 1309 2920 ollis,

462 2976 575 3032 cetera
598 2967 789 3051 composita
812 2967 959 3031 fatorum
982 2967 1058 3050 lege
1081 2966 1268 3030 trahentur.

206 3087 252 3152 Et
276 3086 467 3152 Christiana

206 3207 288 3272 Bch.
317 3221 418 3290 1425:
442 3208 577 3273 Tertius
601 3208 689 3272 hanc
713 3208 805 3272 urbis
829 3209 946 3272 sedem
970 3207 1081 3271 tenuit
1106 3207 1304 3271 Honoratus

209 3310 211 3315 ’
528 3329 680 3405 antistes,
705 3329 799 3392 cuius
821 3328 958 3412 spiritus
981 3334 1072 3391 astra
1093 3334 1200 3390 tenet.

207 3447 287 3512 Bch.
316 3465 418 3532 1392:
443 3447 588 3533 Spiritus
612 3457 703 3514 astra
726 3449 823 3532 petit,
848 3468 972 3531 corpus
996 3447 1030 3511 in
1056 3468 1139 3510 urna
1163 3447 1251 3511 iacet
1262 3444 1300 3541 ⁸²).

210 3646 405 3658 ——

240 3753 266 3822 7)
292 3753 325 3805 cf.
345 3753 409 3804 Bch.
435 3766 516 3818 1339:
540 3755 598 3805 vita
623 3755 692 3805 subit
716 3754 826 3822 caelum,
850 3770 946 3820 corpus
964 3753 1056 3804 tellure
1076 3759 1189 3803 tenetur.
1216 3751 1259 3801 Sic
1277 3749 1353 3815 Pepli

202 3841 354 3893 Aristotelei
373 3842 456 3907 epigr.
474 3842 508 3893 62
527 3839 607 3908 (ng.
625 3842 653 3892 P.
663 3843 695 3891 L.
706 3843 757 3892 G.³
775 3844 802 3894 II
821 3859 849 3908 p.
868 3840 948 3908 6-59):

483 3926 563 3987 θυμὸν
582 3923 611 3983 δὴ
629 3923 723 3975 Κύκνον
740 3924 783 3974 nai
800 3923 969 3988 ὑπερφιάλους
987 3920 1096 3977 ἐπινοίας

517 4006 585 4070 alliu
604 4009 718 4071 λαμπρὸς
735 4005 803 4072 ἕχει,
821 4012 897 4070 σῶμα
914 4006 941 4056 δὲ
958 4005 1057 4070 τύμβος
1073 4005 1122 4056 tte.

205 4092 383 4162 (Simillimum
410 4099 450 4144 est
476 4094 636 4159 epigramma
663 4093 717 4143 Kb.
742 4106 774 4155 41
806 4108 872 4143 saec.
893 4091 952 4159 IV.)
980 4092 1013 4143 cl.
1042 4093 1122 4141 Hom.
1150 4090 1224 4141 Iliad
1254 4100 1277 4155 5.
1288 4100 1354 4155 2507

206 4175 266 4241 ἦτορ
279 4201 304 4222 =
319 4181 381 4230 vita.
467 4185 469 4189 ⁴

236 4266 265 4335 2)
283 4267 433 4318 Transitum
450 4267 478 4317 in
497 4267 599 4317 animae
618 4266 838 4332 significationem
857 4265 974 4317 effecisse
994 4264 1116 4315 videntur
1135 4264 1210 4314 talia:

206 4355 270 4406 Bch.
291 4353 375 4406 1108:
411 4354 504 4420 quoius
522 4360 552 4404 ut
568 4353 637 4404 lenis
657 4354 769 4419 patrium
788 4353 896 4404 diffusus
914 4347 943 4402 iu
962 4357 1005 4403 a'e'r

410 4441 526 4507 spiritus,
544 4441 588 4491 hic
608 4448 690 4491 mater
708 4455 804 4506 corpus
823 4446 916 4505 operta
936 4445 1015 4489 tenet.

206 4528 270 4578 Bch.
291 4528 373 4590 1604:
411 4528 570 4578 carminibus
589 4527 674 4577 defixa
692 4527 772 4577 iacuit
792 4543 840 4592 per
859 4533 977 4591 tempora
996 4524 1087 4591 multa,

410 4621 438 4664 ut
458 4615 512 4665 eius
531 4614 638 4680 spiritus
657 4615 683 4664 vi
702 4620 901 4678 extorqueretur
919 4629 997 4678 quam
1015 4619 1122 4662 naturae
1142 4611 1300 4661 redderetur.

208 4700 253 4766 (cl.
271 4701 334 4751 11017.
357 4701 433 4767 7672,
455 4700 522 4766 7677
543 4708 569 4752 et
589 4700 714 4769 saepius),
733 4716 801 4766 quae
821 4701 843 4750 si
863 4700 928 4766 quid
937 4699 1055 4750 videmus
1066 4706 1127 4765 post
1136 4704 1243 4748 mortem
1253 4696 1355 4762 aliquid

209 4803 340 4839 remanere
358 4795 464 4853 negant.
