3134 5476
682 441 722 508 33

123 606 212 670 inter
234 627 270 670 se
295 605 549 671 confunduntur
572 607 772 682 sententiae,
799 606 893 689 quod
917 615 954 671 ut
974 607 1091 690 paucis
1111 606 1277 690 exemplis

124 725 298 803 illustrem,
322 726 427 790 affero
452 725 556 790 haec:

125 846 205 910 Bch.
215 864 291 929 434.
306 864 360 910 11:
380 866 468 911 nunc
482 867 563 910 vero
577 846 725 911 infernas
736 848 834 913 sedes
847 847 1055 912 Acherontis
1067 848 1110 913 ad
1124 848 1232 913 undas

380 974 538 1050 tetraque
561 967 715 1031 Tartarei
740 988 801 1051 per
823 968 934 1032 sidera
958 971 1064 1033 tendo
1087 967 1258 1052 profundi.

235 1095 271 1152 at
303 1101 357 1170 15:
382 1087 466 1151 haec
487 1087 610 1151 domus
630 1095 771 1151 aeterna
791 1096 853 1165 est,
874 1088 929 1152 hic
947 1109 1022 1153 sum
1039 1089 1132 1166 situs,
1146 1086 1200 1151 hie
1214 1107 1272 1151 ero

379 1228 525 1292 semper.

125 1327 206 1393 Bch.
229 1344 350 1413 339.2:
374 1338 601 1412 aeternosque
623 1328 708 1393 levis
732 1327 885 1412 possidet
908 1329 1029 1393 umbra
1051 1328 1149 1394 lares.

314 1467 350 1532 3:
375 1450 447 1513 vita
470 1450 562 1515 subit
586 1449 728 1526 caelum,
753 1469 876 1532 corpus
900 1449 1020 1513 tellure
1044 1458 1189 1514 tenetur.

312 1586 350 1654 7:
374 1571 508 1654 suscipe
521 1591 621 1647 nunc,
631 1570 790 1646 coniunx,
800 1571 828 1633 si
840 1570 916 1652 quis
928 1578 1007 1654 post
1021 1570 1138 1636 funera
1147 1590 1273 1646 sensus,

422 1691 541 1757 debita
564 1692 704 1756 sacratis
728 1691 888 1755 Manibus
911 1691 1032 1755 officia.

123 1810 310 1893 Bch.1005.
322 1829 357 1893 3:
381 1810 437 1874 hic
460 1812 525 1875 erit
548 1811 696 1875 inclusus
719 1810 861 1886 tumulo,
887 1810 941 1874 hic
965 1811 1072 1892 Julius
1095 1811 1179 1894 ipse,

316 1949 354 2011 4:
379 1932 434 1995 hic
458 1932 543 1995 cinis
567 1940 602 1995 et
626 1931 691 2015 (ie.
716 1931 771 2014 ex)
796 1951 876 1995 caro
899 1951 1043 2014 corpore
1066 1930 1175 1995 factus
1199 1932 1273 1995 erit.

317 2071 356 2135 9:
380 2050 436 2114 hic
459 2071 523 2134 ego
546 2071 636 2115 nunc
660 2072 765 2134 cogor
788 2050 925 2134 Stygias
948 2051 1091 2116 transire
1114 2050 1266 2134 paludes

123 2169 165 2235 ci.
174 2180 352 2254 praeterea
362 2172 439 2251 428,
458 2172 551 2247 1061,
569 2189 662 2247 1111,
681 2172 774 2253 1165,
793 2189 886 2254 1443.
900 2170 1045 2254 (Omitto
1058 2171 1271 2255 Christiana).

167 2291 308 2355 Talibus
328 2292 430 2375 igitur
448 2291 556 2355 titulis
577 2292 715 2355 minime
735 2290 902 2354 habeatur
921 2291 1016 2354 fides.
1031 2291 1178 2355 Multum
1191 2311 1273 2355 vero

122 2412 194 2476 eius
212 2413 346 2496 generis
366 2413 516 2476 carmina
536 2412 662 2488 valent,
683 2421 851 2495 quatenus
863 2411 907 2474 de
919 2412 1023 2475 animi
1036 2420 1115 2494 post
1128 2420 1274 2475 mortem

121 2541 212 2598 statu
247 2534 432 2598 sententias
467 2533 624 2615 quamvis
658 2516 810 2596 diversas
845 2531 1031 2615 proferunt.
1068 2532 1107 2595 Id
1139 2540 1275 2595 tantum

122 2653 220 2717 nobis
244 2654 400 2736 ignotum
425 2661 484 2728 est,
509 2653 593 2735 quid
617 2653 661 2717 de
684 2653 724 2717 iis
747 2654 889 2716 sentiret
913 2652 1071 2716 carminis
1094 2661 1223 2716 auctor.

168 2935 183 2998 s
209 2942 239 2989 2.
263 2925 355 2989 Rara
374 2933 452 2989 sunt
473 2925 633 3000 carmina,
655 2925 778 3007 quibus
798 2934 876 3009 post
890 2934 1036 2989 mortem
1049 2945 1123 2988 esse
1134 2923 1274 3007 aliquid,

123 3045 291 3128 expressis
313 3044 427 3108 verbis
451 3054 748 3108 commemoratur.

167 3165 310 3229 Invenio
334 3167 426 3248 apud
451 3164 696 3229 Buechelerum
713 3163 752 3248 ¹):

122 3285 203 3350 Bch.
233 3302 317 3369 1329
342 3284 563 3369 (simillimum
593 3286 707 3369 1497):

542 3405 603 3472 Set
615 3407 695 3490 quia
707 3414 786 3470 sunt
799 3406 931 3482 Manes,
944 3407 988 3470 sit
1000 3405 1064 3469 tibi
1077 3414 1167 3470 terra
1180 3406 1274 3470 levis.

122 3534 157 3591 et
170 3526 313 3592 sortasse
334 3528 415 3592 Bch.
432 3529 512 3611 561:
549 3528 632 3593 Vixi
656 3526 821 3591 festinans
844 3527 959 3590 vivere
983 3547 1129 3610 semper.

168 3645 380 3730 Quibuscum
404 3647 576 3711 conferas:

122 3767 276 3850 Propert.
293 3780 321 3849 5.
334 3781 366 3851 7.
384 3786 395 3831 1
410 3794 418 3831 z
458 3766 546 3832 Sunt
567 3767 695 3850 aliquid
710 3767 829 3830 Manes
838 3743 967 3844 {letum
981 3786 1049 3829 non
1063 3765 1178 3829 omnia
1190 3764 1276 3842 finit,

501 3888 678 3970 luridaque
702 3888 833 3951 evictos
856 3886 974 3969 effugit
997 3886 1118 3950 umbra
1142 3906 1253 3968 rogos.

122 4007 192 4073 Cic.
218 4008 261 4071 ad
286 4007 393 4073 Attic.
424 4024 472 4072 10.
487 4008 567 4072 8.8:
591 4008 744 4090 Tempus
774 4015 835 4082 est,
864 4027 926 4069 nos
953 4007 996 4069 de
1025 4005 1082 4069 illa
1109 4014 1275 4089 perpetua

121 4129 199 4206 iam,
225 4130 360 4193 nonde
385 4130 508 4212 exigua
533 4129 603 4192 vita
624 4128 785 4212 cogitare.

122 4248 462 4332 Pseudophocylidea
491 4263 549 4330 115
576 4249 672 4332 (ng.
697 4249 733 4312 P.
747 4249 787 4312 L.
802 4245 865 4313 G.³
890 4268 968 4331 pars
993 4247 1025 4310 II
1050 4268 1083 4330 p.
1107 4246 1204 4330 466li

321 4370 413 4449 ψυχὴ
427 4368 453 4433 δ’
466 4366 630 4440 ἀθάνατος
644 4368 696 4432 xxi
711 4368 834 4447 ἀγήρως
850 4367 886 4450 ζῇ
900 4367 951 4432 διὰ
965 4365 1093 4438 παντός.

120 4535 318 4547 ——u-—un

154 4658 180 4726 1)
198 4659 232 4709 cf.
251 4659 315 4710 Bch.
333 4660 400 4724 478:
420 4665 540 4710 aeternae
559 4659 669 4709 animae.
688 4659 718 4708 In
738 4658 897 4708 carminibus
917 4657 1082 4723 Christianis,
1101 4657 1164 4721 quia
1181 4671 1222 4705 res
1236 4655 1273 4704 ita

122 4745 179 4812 fert,
198 4746 357 4811 saepissime.
376 4747 410 4796 cf.
430 4746 493 4796 Bch.
513 4745 579 4808 706:
599 4753 705 4795 censeat
723 4745 771 4795 has
787 4743 901 4811 (sorores
917 4759 953 4793 sc.
969 4742 1118 4810 defunctas)
1136 4741 1273 4792 nuncluce

125 4832 173 4884 frui
193 4834 298 4899 vitaque
316 4834 436 4900 perenni.

1140 4943 1155 4998 3
