3134 5476
733 461 750 528 3

167 629 207 693 iis
227 628 509 693 transscribendis
528 628 637 711 ipsam
658 647 794 710 quoque
814 629 1019 692 sententiam
1039 638 1098 693 aut
1119 637 1229 694 totam
1249 637 1317 706 aut,

167 752 259 833 quod
291 751 425 834 saepius
457 748 583 812 factum
616 757 677 824 est,
710 749 827 832 paucis
858 749 997 812 mutatis
1029 749 1272 814 mutuabantur
1283 747 1318 834 ¹).
1420 788 1423 794 ·

150 865 269 954 'Quod
305 892 406 935 nemo
443 869 615 936 dubitabit
650 870 731 951 quin
767 870 949 953 praecipue
985 869 1111 933 factum
1148 869 1248 934 fuerit
1281 871 1316 933 in

168 993 374 1057 carminibus
404 989 648 1074 sepulcralibus
678 991 936 1074 componendis,
969 1010 1057 1073 quae
1089 999 1124 1054 et
1155 992 1253 1054 metri
1282 998 1317 1054 et

168 1112 296 1178 formae
320 1112 443 1176 finibus
467 1111 687 1174 includuntur
709 1110 970 1193 angustioribus.

213 1234 311 1297 Hanc
336 1233 381 1297 ob
400 1252 483 1309 rem,
504 1252 582 1295 cum
602 1232 636 1296 in
657 1232 861 1296 carminibus
880 1231 1124 1315 sepulcralibus
1144 1239 1318 1296 versatura

167 1356 211 1418 sit
230 1354 404 1436 inquisitio
424 1361 549 1429 nostra,
570 1360 670 1416 caute
690 1353 861 1434 agendum
882 1353 1028 1429 videtur,
1046 1373 1088 1416 ne
1102 1353 1212 1416 minus
1224 1360 1317 1416 recte

168 1474 421 1538 concludamus.
439 1472 598 1538 Carmina
616 1472 765 1556 exempli
783 1474 892 1555 gratia
913 1493 990 1536 cum
1007 1472 1213 1537 carminibus
1226 1493 1318 1537 com·

167 1614 286 1679 parare
314 1594 445 1671 licebit,
474 1601 511 1656 ut
539 1593 696 1657 carminis
723 1592 832 1658 forma
858 1593 1054 1678 principalis
1082 1594 1318 1670 constituatur,

167 1735 255 1798 quae
275 1714 347 1778 sola
368 1717 575 1780 documento
595 1732 669 1776 esse
688 1721 804 1797 potest
813 1710 850 1797 ²).
871 1712 1030 1778 Carmina
1043 1713 1145 1796 igitur
1157 1715 1319 1777 certiores

168 1855 236 1899 non
267 1854 403 1917 semper
431 1853 493 1897 nos
523 1833 652 1897 faciunt
676 1834 719 1897 de
744 1834 794 1910 iis,
819 1853 906 1915 quae
930 1833 1096 1897 sentirent
1121 1833 1179 1916 qui
1203 1833 1318 1898 inscri-

173 2036 368 2046 ——.-—-

209 2169 235 2236 1)
253 2170 382 2235 Exempla
400 2169 473 2219 affert
491 2171 579 2219 Bruno
597 2170 659 2219 Lier
677 2167 792 2236 (Topica
810 2170 952 2219 carminum
968 2169 1152 2235 sepulcralium
1167 2170 1316 2220 latinorum.

171 2257 327 2306 Dissertatio
343 2257 503 2321 inauguralis
520 2257 702 2309 Universitatis
718 2256 901 2322 Gryphiensis.
917 2257 1054 2322 Tubingae
1073 2270 1151 2321 1902.
1166 2257 1206 2307 Ex
1216 2258 1319 2307 officina

170 2344 206 2393 H.
231 2345 334 2408 Laupp.
355 2342 388 2406 jr.
413 2344 481 2393 Tota
504 2344 689 2393 commentatio
714 2343 785 2393 edita
810 2351 850 2393 est
874 2344 902 2393 in
921 2344 1060 2409 Philologo
1079 2344 1154 2395 LXII
1173 2350 1199 2393 et
1218 2343 1318 2410 LXIII)

170 2447 233 2496 pgg.
252 2431 268 2480 6
289 2436 315 2480 et
335 2441 360 2497 7,
379 2431 475 2496 quibus
490 2431 555 2480 haec
574 2430 669 2480 addere
687 2431 779 2481 liceat:

170 2517 233 2566 Bch.
252 2516 330 2580 398.2
345 2538 369 2558 =
384 2517 447 2566 Bch.
468 2527 558 2582 5033:
581 2513 648 2583 quae¹
667 2518 750 2567 caruit
765 2519 823 2568 luce
843 2525 870 2568 et
888 2519 1004 2568 tenebris
1023 2533 1051 2568 se
1070 2517 1174 2567 miscuit
1192 2518 1262 2568 atris.

170 2603 203 2652 ci.
223 2603 286 2652 Bch.
306 2603 399 2668 516.7:
418 2603 477 2654 luce
496 2604 597 2669 privata
616 2601 761 2671 (quiescit).

76 2729 78 2733 ,
171 2690 234 2740 Βοὴ.
252 2690 341 2758 4961,
364 2691 467 2757 1269.3,
489 2691 597 2754 1822.4:
616 2692 659 2741 hic
677 2691 766 2759 (haec)
784 2692 857 2742 iaceo
876 2689 967 2759 (iacet)
986 2692 1013 2742 in
1033 2691 1156 2741 tenebris.

172 2779 204 2830 ci.
223 2779 287 2829 Bch.
310 2777 420 2844 10845:
440 2794 510 2828 nunc
528 2794 615 2828 moror
633 2779 662 2828 in
682 2779 798 2828 tenebris
818 2777 920 2828 deserta
937 2779 996 2828 luce
1016 2784 1113 2828 coacta.

206 2865 308 2928 Quibus
324 2866 423 2930 optime
439 2865 592 2931 illustratur,
605 2880 658 2930 quo
674 2864 753 2914 modo
769 2872 852 2914 totum
867 2879 971 2914 versum
986 2871 1030 2914 aut
1045 2864 1162 2929 singulas
1174 2865 1317 2915 sententias

170 2953 280 3002 mutuati
294 2953 357 3018 sint,
366 2952 412 3018 qui
422 2953 487 3002 haec
497 2952 612 3002 carmina
621 2958 834 3018 composuerunt.
845 2952 959 3017 Egregia
967 2952 1089 3016 exempla
1098 2958 1232 3016 praeterea
1242 2958 1315 3001 sunt:

170 3039 233 3088 Βοὴ·
259 3049 335 3104 945·1
357 3047 384 3089 et
403 3039 531 3102 2¹94⁶·1
553 3046 580 3089 et
598 3053 629 3106 23
649 3050 711 3105 947,
729 3038 790 3103 948·
810 3038 873 3088 Βοὴ·
892 3038 1129 3102 474-475=47⁶·
1148 3039 1211 3088 Βοὴ·
1231 3048 1313 3103 592=

172 3135 317 3190 593=594
342 3126 407 3176 Bch.
433 3125 636 3190 555.2=556.2.
659 3125 723 3175 Βοὴ.
748 3124 952 3189 ⁶35·2=⁶3⁶·3·
977 3124 1040 3176 Bch.
1066 3137 1224 3188 999=rooo
1247 3123 1317 3191 (per-

171 3213 261 3278 paucis
285 3213 391 3263 mutatis
416 3212 544 3277 inscripta
568 3210 649 3278 sunt).
674 3212 739 3262 Bch.
767 3210 1003 3275 1008.1=1009.3.
1028 3211 1091 3261 Bch.
1118 3210 1313 3276 385.4=814=

173 3309 274 3364 1105.2.
293 3299 357 3349 Bch.
377 3297 770 3362 1179=118o=1181=1182.
786 3298 848 3348 Bch.
868 3298 1237 3363 1144.5=1145.6=1146.3.
1255 3298 1318 3348 Bch.

59 3435 64 3443 .
172 3395 989 3452 1470=14⁷1=14⁷2=14rs=1539=1540=1s41=1542·
1017 3386 1081 3436 Bch-
1109 3396 1312 3451 1490=1s42=

172 3482 248 3537 1543.
267 3473 330 3522 Bch.
352 3471 640 3536 1086=1087=1088.

205 3556 290 3625 (Siglo
315 3559 379 3610 Bch.
404 3559 578 3610 indicabitur:
604 3558 766 3624 Anthologia
785 3559 881 3609 Latina
899 3560 955 3610 sive
974 3559 1063 3610 Potsis
1083 3560 1192 3608 Latinae
1210 3559 1316 3624 supple·

168 3652 293 3713 mentum,
317 3646 376 3696 edd.
402 3647 556 3697 Franciscus
580 3646 725 3696 Buecheler
749 3653 775 3696 et
802 3646 952 3697 Alexander
976 3647 1064 3696 Riese.
1088 3648 1150 3696 Pars
1174 3647 1315 3712 posterior:

170 3734 293 3784 Carmina
309 3734 479 3800 epigraphica
495 3734 611 3799 conlegit
631 3733 785 3784 Franciscus
803 3734 954 3784 Buecheler.
973 3733 1091 3784 fasciculi
1110 3734 1145 3783 II.
1165 3734 1270 3799 Lipsiae
1289 3734 1317 3783 in

169 3820 277 3870 aedibus
295 3822 324 3870 B.
343 3821 376 3872 G.
395 3822 528 3871 Teubneri
550 3819 638 3888 1895).

205 3908 317 3973 Cagnati
342 3908 500 3958 sententiam
524 3907 628 3975 (Revue
653 3908 686 3958 de
712 3908 857 3973 philologie
882 3908 949 3957 XIII
974 3917 1004 3972 51
1033 3905 1104 3973 sqq),
1124 3907 1170 3971 qui
1188 3907 1316 3973 lapicidas

170 3995 329 4060 exemplaria
351 3995 475 4045 habuisse
499 4001 575 4059 putat
601 4010 632 4043 ex
657 3995 753 4059 quibus
771 3994 906 4044 titulorum
925 3994 1069 4044 sententias
1087 3994 1230 4061 haurirent,
1247 4001 1316 4044 recte

170 4081 265 4131 refutat
289 4083 319 4131 B.
344 4082 406 4132 Lier
430 4080 488 4148 (1.1.
513 4097 540 4146 p.
566 4092 580 4145 7
607 4079 679 4148 sqq).
699 4081 772 4144 Quae
792 4083 923 4131 sententia
941 4082 963 4131 si
980 4097 1043 4130 vera
1060 4087 1141 4146 esset,
1158 4087 1183 4130 et
1201 4081 1316 4130 carmina

168 4168 304 4240 incondita
321 4175 346 4219 et
362 4169 489 4219 sermonis
505 4168 634 4234 metrique
648 4168 714 4232 vitia
728 4174 781 4218 tam
795 4170 877 4219 multa
891 4169 936 4218 vix
945 4168 1169 4233 intellegerentur.
1179 4168 1212 4217 cf.
1223 4168 1318 4218 Plessis

169 4255 216 4305 l.l.
241 4272 267 4321 p.
294 4256 358 4305 XVI
383 4271 443 4322 sqq.
470 4256 516 4320 qui
541 4256 653 4320 Cagnati
678 4256 835 4306 sententiam
854 4272 908 4305 non
927 4255 1059 4321 reprobat,
1077 4270 1235 4320 quamquam
1254 4255 1318 4305 dicit

170 4356 197 4405 p.
223 4341 302 4390 XIX:
329 4341 412 4407 „Sans
436 4342 515 4391 doute
538 4341 559 4391 il
583 4349 622 4391 est
646 4358 682 4390 un
708 4358 760 4407 peu
779 4341 907 4392 decevant
925 4341 957 4391 de
976 4357 1072 4407 penser
1091 4357 1142 4407 que
1162 4339 1317 4392 d'honnttes

171 4435 374 4493 „commerqants
400 4429 517 4479 tenaient
541 4428 610 4478 ainsi
634 4428 763 4492 boutique
787 4429 820 4478 de
838 4436 937 4494 regrets
956 4428 1071 4478 versifies
1091 4428 1106 4477 a
1124 4435 1183 4477 tous
1201 4428 1240 4478 les
1258 4428 1317 4493 prix
1385 4447 1387 4450 ⁴

171 4520 214 4579 „et
238 4530 304 4580 pour
331 4522 417 4565 toutes
436 4514 474 4564 les
492 4515 600 4564 bourses
619 4521 646 4564 et
663 4516 806 4591 vendaient
824 4516 839 4565 a
857 4516 883 4565 la
901 4516 1012 4566 douleur
1030 4515 1189 4580 magnifique
1207 4531 1241 4564 ou
1260 4531 1317 4580 par-

171 4602 346 4666 „cimonieuse
365 4602 411 4652 des
428 4609 535 4667 parents
553 4617 596 4651 ces
614 4602 756 4666 fragments
772 4601 884 4667 d'elegie
894 4602 1049 4668 appropries
1059 4602 1318 4652 auxcirconstances.

171 4690 231 4754 „Du
246 4689 331 4739 moins
351 4696 419 4739 cette
439 4689 498 4739 idee
518 4705 584 4738 nous
603 4689 771 4739 invite-telle
789 4690 805 4740 ὴ
823 4691 849 4740 la
868 4687 1026 4756 prudence.''
1046 4695 1072 4738 et
1091 4704 1117 4753 p.
1137 4686 1202 4738 XX:
1223 4686 1267 4752 ,si
1279 4687 1318 4736 les

127 4773 130 4790 ¹
172 4776 304 4842 „manuels
323 4784 371 4826 ont
385 4776 479 4841 jamais
498 4776 597 4831 existe'?
609 4812 616 4826 ·
627 4810 653 4828 ..
672 4784 698 4826 et
717 4793 784 4843 quae
803 4794 859 4843 seq.

206 4862 235 4930 2)
252 4863 285 4914 cf.
304 4864 401 4914 Plessis
418 4864 465 4914 l.l.
486 4880 513 4929 p.
532 4864 631 4914 XXIV.
