3134 5476
689 393 750 462 ¹37

188 556 243 621 Ex
266 558 489 642 scriptoribus
512 559 659 643 denique
683 560 797 625 latinis
816 561 881 623 tria
900 565 1034 623 tantum
1055 555 1174 621 afferre
1193 554 1295 620 liceat

144 677 319 761 exempla:

143 795 248 880 Verg.
261 796 350 861 Aen.
368 813 417 862 12.
430 798 512 881 646:
537 818 599 863 vos
622 819 644 862 o
668 799 760 876 mihi,
786 800 916 875 Manes,
940 804 1011 861 este
1036 795 1128 860 boni.

143 915 268 982 Tibull.
282 934 312 981 2.
326 918 356 982 6.
371 936 431 1001 33:
451 918 539 983 illius
550 920 594 984 ad
608 920 775 984 tumulum
788 920 914 1003 fugiam
926 917 1141 1002 supplexque
1153 915 1292 979 sedebo.

143 1037 252 1102 Tacit.
276 1038 369 1103 Ann.
396 1056 426 1103 2.
440 1040 478 1104 8:
502 1049 726 1124 precatusque
747 1041 895 1104 Drusum
916 1047 1060 1123 patrem,
1073 1046 1110 1101 ut
1122 1056 1158 1101 se
1172 1036 1293 1100 eadem

186 1177 304 1222 ausum
336 1157 446 1223 libens
477 1159 698 1243 placatusque
728 1159 887 1243 exemplo
918 1178 958 1222 ac
990 1157 1154 1222 memoria
1186 1155 1294 1221 consi·

187 1278 309 1343 liorum
333 1285 436 1362 atque
460 1299 602 1363 operum
627 1280 769 1344 iuvaret.

141 1486 179 1558 b.
204 1489 249 1553 Di
274 1489 395 1554 Manes
418 1509 437 1553 e
460 1490 531 1554 vita
553 1490 711 1574 abripere
736 1489 895 1554 dicuntur
920 1488 1087 1553 homines.

143 1608 226 1674 Βοὴ.
244 1624 344 1696 1057:
368 1611 395 1675 si
420 1619 499 1675 sunt
523 1611 557 1675 di
583 1631 711 1687 manes,
737 1611 805 1675 iam
830 1610 902 1674 nati
927 1628 1057 1673 numen
1083 1607 1234 1672 habetis:

411 1752 472 1815 per
496 1753 557 1796 vos
580 1752 640 1796 cur
663 1733 736 1796 voti
760 1751 829 1794 non
853 1731 948 1795 venit
972 1729 1056 1793 hora
1080 1726 1166 1792 mei?

143 1850 164 1914 i.
178 1870 207 1914 e.
231 1870 300 1927 cur,
325 1850 383 1914 filii
407 1853 485 1928 mei,
510 1872 565 1916 me
586 1858 719 1936 patrem
739 1860 890 1915 vestrum
909 1850 953 1914 ad
967 1869 1029 1913 vos
1041 1868 1110 1913 non
1123 1845 1294 1931 recipitis?

142 1969 224 2051 Βοὴ.
242 1970 343 2052 1164:
368 1971 412 2034 Di
438 1972 567 2048 Manes
593 1992 709 2035 manes
732 1972 821 2035 sitis:
847 1972 915 2034 iam
939 1978 1048 2034 morte
1070 1966 1207 2034 misellis

365 2093 823 2175 praeproperasenibussero
833 2093 952 2156 datum
962 2091 1027 2175 (ie.
1037 2090 1154 2173 filium)
1165 2089 1293 2173 rapitis.

142 2209 225 2275 Βοὴ.
243 2227 344 2292 1224:
368 2231 471 2295 quem
492 2213 654 2295 quoniam
675 2212 794 2276 Manes
813 2221 851 2276 ut
864 2211 1038 2276 alumnum
1052 2211 1086 2274 di
1099 2217 1294 2293 rapuerunt.

142 2329 224 2394 Bch.
243 2343 343 2414 1572:
368 2352 471 2414 quem
489 2332 524 2396 di
543 2331 663 2395 Manes
683 2340 910 2415 properarunt
923 2331 1054 2413 eripere
1067 2330 1303 2393 immaturum'

142 2458 319 2533 praeterea
343 2450 425 2515 Βοὴ.
454 2468 547 2534 1034,
577 2465 658 2534 1555
685 2460 721 2516 et
745 2472 880 2515 carmen
905 2452 972 2515 iam
998 2450 1065 2514 alio
1086 2450 1162 2514 loco
1182 2448 1299 2514 lauda·

145 2571 219 2634 tum
243 2570 338 2654 (Bch.
368 2571 460 2655 150):
487 2580 597 2636 mater
619 2581 728 2655 rogat,
754 2581 792 2637 ut
816 2593 871 2637 me
895 2573 939 2636 ad
963 2579 997 2636 te
1021 2571 1174 2654 recipias.

143 2688 369 2754 Conferantur
403 2690 572 2756 Cholodn.
604 2709 664 2776 73:
696 2692 811 2756 Mevia
835 2690 951 2775 Sophe
976 2692 1132 2774 impetra,
1156 2690 1183 2754 si
1208 2709 1296 2773 quae

185 2818 264 2874 sunt
305 2830 432 2887 manes,
475 2832 518 2875 ne
555 2820 628 2876 tam
663 2811 844 2876 scelestum
880 2812 1062 2876 discidium
1097 2812 1291 2895 experiscar

186 2930 321 2995 diutius.
347 2939 381 2994 et
403 2930 447 2995 Α.
462 2931 498 2994 Ρ.
525 2930 594 2996 VII
616 2931 701 3011 466:

296 3043 318 3116 οἷ
342 3047 420 3115 δείλ’
445 3048 632 3124 Ἀντίκλεος,
658 3049 867 3133 μεμορημὲνε,
891 3050 1014 3124 πένθεος
1039 3048 1102 3127 εἴης

384 3171 481 3251 ἰητὴρ,
508 3172 584 3255 ζωῆς
610 3169 644 3237 ἔκ
670 3197 712 3251 με
739 3171 982 3252 κομισσάμενος.

140 3290 242 3358 Ovid.
256 3293 376 3358 Amor.
391 3309 421 3357 2.
435 3294 466 3358 6.
483 3312 540 3377 39:

252 3414 383 3496 optima
404 3415 514 3497 prima
533 3413 603 3478 sere
625 3415 781 3479 manibus
800 3416 999 3500 rapiuntura
1024 3417 1113 3481 varis
1129 3414 1160 3500 ¹).

141 3639 174 3693 c.
198 3623 243 3687 Di
269 3623 388 3688 Manes
412 3623 540 3688 scelera
564 3626 746 3689 commissa
771 3624 887 3689 ulcisci
912 3627 1079 3690 dicuntur.

141 3743 223 3808 Bch.
241 3744 342 3824 1604:
368 3744 505 3809 Mortua
525 3754 577 3808 est
598 3746 727 3822 mulier,
748 3754 931 3829 postquam
943 3766 1003 3829 per
1017 3744 1124 3808 multa
1135 3753 1292 3829 tempora

175 3929 202 3999 1)
219 3932 251 3982 Iu
268 3948 345 3983 carm.
366 3932 506 3985 Christian.
525 3932 589 3984 Βοὴ.
609 3933 676 3998 656:

296 4019 339 4069 hic
359 4025 400 4070 est
418 4020 550 4085 sepultum
569 4018 617 4087 (sc.
636 4019 752 4088 corpus),
771 4019 856 4072 donec
875 4028 990 4088 resurgat
1008 4021 1042 4071 ab
1061 4021 1120 4087 ipso

367 4107 467 4173 quique
486 4107 598 4157 animam
615 4108 712 4174 rapuit,
731 4109 824 4173 spiritu
843 4116 934 4159 sancto
951 4124 1007 4159 suo.

142 4191 212 4243 idem
231 4201 291 4256 720.
310 4192 344 4246 ci.
362 4203 424 4259 709,
445 4191 505 4260 718,
526 4204 592 4258 790:
629 4201 736 4244 vocatus
755 4211 770 4244 a
789 4195 905 4246 domino.

173 4279 258 4330 Multa
285 4287 347 4330 sunt
364 4281 488 4348 carmina,
506 4295 575 4346 quae
594 4280 659 4331 alias
678 4281 815 4347 proferunt
834 4299 933 4349 causas,
954 4282 1049 4347 quibus
1067 4281 1188 4332 homines
1207 4297 1222 4331 e
1240 4281 1295 4332 vita

143 4365 230 4431 abripi
257 4366 389 4433 dicuntur,
413 4382 481 4431 quae
506 4367 594 4418 omnia
612 4383 715 4418 narrare
735 4368 843 4419 nimium
861 4385 947 4434 neque
965 4385 1051 4419 meum
1070 4374 1118 4419 est.
1138 4369 1298 4419 Enumerare

143 4451 222 4502 liceat
241 4453 362 4518 exempla
379 4453 458 4504 haec:
476 4454 578 4504 invidia
597 4454 704 4504 deorum
723 4453 799 4520 (Βοὴ.
820 4465 862 4522 54,
879 4455 951 4524 596),
968 4456 1032 4505 hora
1042 4455 1123 4506 tristis
1132 4455 1219 4505 fatalis
1229 4454 1297 4522 (55),

142 4537 248 4589 fortuna
266 4539 330 4589 dura
348 4538 425 4607 (404)
444 4555 465 4590 s.
485 4540 577 4606 iniqua
595 4538 652 4607 (68,
670 4540 744 4608 467),
764 4542 807 4592 lex
827 4543 874 4593 sati
893 4540 979 4609 (386),
997 4543 1112 4592 fatorum
1131 4557 1221 4591 cursus
1237 4557 1298 4607 pro-

144 4641 239 4692 perans
265 4623 350 4692 (429),
378 4632 485 4676 naturae
512 4627 584 4692 leges
609 4627 774 4695 satorumque
799 4629 863 4679 ordo
888 4629 974 4696 (432),
999 4629 1091 4694 iniqua
1108 4629 1221 4678 fatorum
1241 4645 1295 4678 sors

143 4711 228 4780 (614).
247 4711 404 4778 Saepissime
422 4720 509 4764 autem
527 4714 696 4765 nominantur
715 4716 797 4765 fatum
817 4733 837 4766 s.
857 4716 912 4767 fata
929 4723 955 4766 et
973 4717 1068 4766 Parcae
1088 4715 1206 4781 infestae,
1226 4715 1294 4765 sicut

144 4799 172 4850 in
190 4799 349 4850 carminibus
368 4800 474 4852 Graecis
492 4799 567 4862 μοΐρο
585 4808 611 4852 et
629 4802 710 4852 rarius
728 4801 815 4864 Κῦρος.
