3134 5476
668 726 812 795 PARS
848 728 881 792 11

239 895 317 959 QUA
341 893 485 946 AGITUR
508 893 559 944 DE
582 893 630 944 IIS
655 893 888 956 SENTENTIIS,
914 893 1047 958 QUIBUS
1071 894 1125 944 ΑΝ
1149 892 1206 944 SIT
1231 894 1320 944 VITA

516 998 606 1050 POST
630 999 793 1050 MORTEM
817 999 1044 1050 DUBITATUR.

252 1332 382 1397 Multae
417 1333 551 1398 fuerunt
584 1332 677 1415 apud
714 1332 888 1397 Romanos
927 1332 1107 1415 opiniones
1137 1338 1172 1394 et
1203 1331 1291 1394 inter
1319 1351 1356 1394 se

206 1453 361 1516 diversae
397 1454 439 1517 de
474 1452 578 1516 animi
610 1460 689 1535 post
718 1459 864 1516 mortem
895 1459 985 1515 statu
1002 1450 1034 1535 ¹).
1058 1451 1256 1515 Tradebant
1279 1471 1356 1515 suas

206 1571 378 1636 doctrinas
413 1573 457 1635 de
491 1592 533 1634 eo
568 1572 662 1655 quod
693 1579 772 1654 post
803 1579 949 1635 mortem
981 1591 1053 1635 esse
1077 1571 1141 1635 sibi
1165 1570 1357 1646 videbatur,

204 1691 365 1775 Epicurei
401 1700 437 1755 et
467 1689 584 1768 Stoici,
614 1699 650 1756 et
681 1698 719 1755 ut
743 1693 1014 1775 praetermittam
1038 1691 1132 1767 alios,
1156 1689 1357 1754 Academici

204 1820 241 1875 et
273 1812 500 1896 Peripatetici.
533 1811 635 1895 Quid,
660 1813 753 1896 quod
776 1812 896 1896 vulgus
919 1821 978 1877 aut
999 1821 1090 1876 metu
1115 1820 1174 1876 aut
1198 1812 1358 1896 supersti-

204 1932 299 1997 tione
335 1934 546 2010 obstrictum,
572 1935 754 2016 quominus
777 1933 821 1998 ad
846 1933 988 1998 liberam
1012 1953 1123 1997 rerum
1147 1931 1359 2015 contempla·

205 2053 336 2117 tionem
371 2074 408 2117 se
439 2053 629 2131 extolleret,
662 2055 830 2118 incertum
855 2055 937 2137 quid
961 2055 1112 2130 sentiret,
1138 2052 1359 2135 confugiebat

206 2172 241 2236 in
273 2182 410 2256 portum
441 2175 513 2239 eius
544 2174 792 2258 philosophiae,
823 2195 891 2258 qua
926 2174 1074 2238 maxime
1098 2172 1357 2238 delectabantur

208 2313 339 2374 quaeve
371 2294 489 2358 mortis
513 2303 606 2358 metu
630 2294 786 2358 homines
809 2315 845 2357 se
869 2293 1088 2358 liberaturam
1112 2289 1356 2375 pollicebatur?

252 2411 354 2477 Adeo
378 2415 532 2479 diversae
556 2424 670 2479 autern
695 2435 772 2478 curn
791 2423 905 2478 essent
925 2415 1114 2498 opiniones
1135 2413 1262 2477 factum
1283 2433 1356 2476 esse

206 2553 275 2597 non
306 2543 431 2618 potest,
456 2536 537 2618 quin
562 2536 677 2600 multis
700 2535 881 2599 iniceretur
904 2535 1085 2599 dubitatio.
1110 2532 1177 2616 Qui
1201 2535 1357 2618 quamvis

204 2674 273 2718 non
297 2655 408 2739 pauci,
432 2664 470 2718 ut
489 2656 646 2720 conicere
666 2655 756 2732 licet,
777 2656 869 2739 quod
890 2655 1085 2719 sentiebant
1105 2656 1139 2718 in
1161 2655 1268 2718 titulis
1280 2674 1356 2718 raro

204 2774 498 2858 significaverunt,
524 2795 593 2859 quo
617 2774 744 2840 facturn
765 2784 827 2869 est,
848 2785 973 2840 utnon
995 2775 1103 2839 multa
1114 2775 1182 2841 sint
1195 2775 1354 2853 carmina,

205 2894 329 2977 quibus
351 2916 395 2959 an
418 2895 461 2958 sit
485 2895 555 2960 vita
579 2903 657 2978 post
681 2903 826 2960 mortem
850 2895 1035 2959 dubitetur.

249 3015 472 3080 Inveniuntur
496 3016 604 3080 haec:

204 3135 286 3200 Bch.
306 3153 384 3220 132:
487 3137 619 3212 Precor,
644 3137 671 3200 si
696 3136 754 3220 qui
779 3137 860 3200 estis
883 3137 1014 3212 ManeS,
1038 3143 1076 3199 ut
1099 3133 1290 3199 Trebelliae

485 3257 529 3320 sit
552 3257 713 3320 suaviter.

207 3376 289 3440 Bch.
307 3393 388 3462 192:
491 3386 528 3441 ut
552 3375 774 3461 perferantur,
798 3378 826 3441 si
850 3397 918 3461 qua
941 3385 1029 3454 sunt,
1054 3377 1099 3440 ad
1122 3374 1258 3441 inleros.

208 3497 462 3583 Bch.1057.15:
493 3497 529 3563 Si
549 3507 628 3562 sunt
652 3499 686 3562 di
712 3498 841 3576 Manes,
866 3500 934 3562 iam
959 3499 1031 3562 nati
1055 3518 1181 3561 numen
1206 3496 1350 3561 habetis.

208 3616 441 3702 Bch.1190.3:
495 3618 531 3684 Si
555 3627 670 3682 tamen
694 3626 730 3682 at
755 3619 874 3682 Manes
897 3619 1067 3684 credimus
1087 3638 1160 3682 esse
1182 3617 1313 3701 aliquit.

208 3738 290 3804 Bch.
308 3756 409 3823 1323:
496 3738 533 3805 Si
569 3740 673 3804 modo
707 3748 786 3804 sunt
817 3740 947 3818 Manes,
979 3741 1146 3804 sentiant:
1178 3758 1257 3822 spes
1288 3738 1358 3802 vite

1040 3856 1168 3946 [nostre
1192 3858 1312 3923 fueras.

243 4046 269 4115 1)
287 4048 320 4099 cf.
339 4049 395 4099 Cic.
415 4049 493 4100 Tusc.
512 4048 580 4114 disp.
599 4061 657 4113 1.9.
671 4047 717 4099 18:
739 4048 821 4113 „Sunt
836 4049 907 4099 enim
921 4047 968 4114 qui
983 4047 1125 4097 discessum
1134 4046 1359 4111 animiacorpore

213 4142 324 4202 „putent
351 4151 408 4187 esse
435 4143 560 4203 mortem;
584 4144 645 4187 sunt
670 4136 716 4201 qui
737 4135 839 4186 nullum
857 4135 912 4185 fieri
931 4142 1055 4186 censeant
1073 4133 1225 4200 discessum,
1243 4132 1290 4182 sed
1308 4147 1360 4182 una

212 4223 344 4288 „animum
362 4231 388 4274 et
407 4239 501 4290 corpus
520 4223 649 4290 occidere,
668 4223 835 4288 animumque
855 4223 883 4272 in
902 4238 1011 4288 corpore
1027 4221 1153 4287 extingui.
1163 4220 1216 4284 Qui
1226 4219 1360 4270 discedere

213 4311 345 4376 „animum
364 4316 481 4378 censent,
499 4310 545 4360 alii
563 4311 652 4361 statim
670 4309 801 4376 dissipari,
820 4309 865 4359 alii
885 4308 930 4359 diu
949 4323 1108 4375 permanere,
1127 4306 1172 4358 alii
1192 4304 1321 4372 semper”.

213 4397 316 4447 Lucret.
337 4398 437 4448 1.106:
509 4398 644 4462 ignoratur
664 4397 734 4447 enim
751 4411 819 4462 quae
838 4396 872 4446 sit
891 4402 983 4446 natura
1000 4395 1106 4461 animai,

507 4490 569 4534 nata
587 4484 630 4550 sit,
648 4499 682 4533 an
700 4490 792 4533 contra
810 4482 980 4533 nascentibus
998 4482 1154 4547 insinuetur,

507 4575 533 4620 et
550 4569 628 4620 simul
645 4569 757 4620 intereat
776 4569 914 4621 nobiscum
934 4574 1016 4618 morte
1036 4568 1173 4634 dirempta,

507 4672 541 4707 an
561 4658 682 4707 tenebras
702 4656 765 4707 Orci
783 4657 851 4707 visat
868 4662 1008 4721 vastasque
1026 4654 1142 4721 lacunas,

471 4793 472 4798 ,
507 4759 541 4793 an
560 4743 675 4809 pecudes
692 4743 756 4794 alias
775 4743 903 4794 divinitus
920 4743 1038 4793 insinuet
1056 4757 1091 4809 se,

508 4830 611 4880 Ennius
629 4837 659 4881 ut
677 4837 766 4881 noster
784 4831 889 4881 cecinit.
