3134 5476
724 1142 980 1240 CAPUT
1022 1146 1042 1237 Ι

403 1324 480 1387 QUO
504 1324 785 1375 INVESTIGATUR
810 1326 861 1377 AN
881 1325 940 1377 sn·
966 1324 1053 1375 VITA
1078 1324 1168 1376 POST
1193 1327 1365 1377 MORTEM.

783 1647 927 1712 PARS
963 1649 978 1712 I

343 1811 420 1876 Qun
446 1812 588 1862 AGITUR
614 1812 664 1861 DE
689 1813 736 1863 IIS
761 1801 995 1876 SENTENTIIS,
1020 1816 1153 1878 QUIBUS
1178 1816 1299 1866 VITAM
1324 1816 1413 1867 ESSE

633 1918 723 1968 POST
749 1918 911 1968 MORTEM
937 1919 1128 1971 NEGATUR.

352 2266 367 2327 s
398 2273 423 2317 1.
449 2255 527 2318 Non
545 2275 769 2338 permagnum
781 2276 853 2319 esse
868 2276 1044 2319 numerum
1057 2256 1317 2337 inscriptionum
1330 2277 1458 2334 earum,

308 2396 395 2458 quae
419 2375 710 2439 immortalitatem
732 2383 867 2458 negent,
888 2377 916 2438 si
936 2374 1153 2440 conferantur
1173 2396 1250 2438 cum
1271 2376 1321 2451 iis,
1334 2376 1460 2459 quibus

306 2494 461 2559 homines
485 2516 621 2579 prorsus
642 2517 709 2560 non
730 2497 867 2560 interire
888 2497 1028 2572 dicatur,
1050 2497 1118 2560 iam
1130 2496 1326 2561 observavit
1339 2497 1459 2562 Fried-

304 2615 423 2680 l'a'nder
439 2615 475 2699 ¹);
502 2616 594 2699 quod
616 2617 727 2698 primo
747 2615 923 2680 oculorum
944 2617 1065 2680 obtutu
1088 2616 1223 2682 videtur
1236 2617 1357 2680 mirum
1371 2637 1457 2695 esse,

303 2736 331 2798 si
355 2736 515 2819 respicias
539 2744 574 2799 et
598 2735 761 2819 religione
786 2735 878 2800 nulla
901 2737 1059 2819 impediri
1080 2737 1255 2801 Romanos
1275 2738 1459 2821 quominus

303 2854 367 2919 hac
392 2856 435 2918 de
459 2877 494 2919 re
518 2854 656 2920 liberius
679 2856 866 2920 scriberent
890 2864 925 2920 et
944 2858 1026 2921 satis
1045 2857 1237 2939 divulgatas
1256 2879 1329 2921 esse
1347 2858 1457 2942 philo-

305 2976 491 3060 sophorum
516 2978 687 3041 doctrinas
711 2978 814 3042 animi
838 2978 1131 3042 immortalitatem
1157 2986 1330 3060 negantes.

352 3097 439 3161 Dico
463 3098 628 3181 imprimis
654 3098 898 3181 Epicureorum
924 3098 1115 3162 doctrinam
1129 3096 1164 3182 ²).

353 3218 395 3282 cf.
431 3218 500 3283 Cic.
532 3218 632 3282 Tusc.
666 3218 752 3302 disp.
783 3238 815 3299 4.
849 3237 877 3301 3.
903 3233 953 3302 7.:
981 3220 1082 3301 „Post
1106 3217 1318 3282 Amafinium
1342 3226 1458 3282 autem

312 3338 428 3420 ,multi
463 3339 615 3403 eiusdem
649 3338 773 3403 aemuli
809 3340 949 3403 rationis
985 3339 1091 3403 multa
1125 3359 1203 3402 curn
1234 3338 1457 3422 scripsissent,

311 3459 468 3540 ,Italiam
493 3471 594 3524 totam
619 3472 867 3544 occupaverunt,
890 3460 1051 3543 quodque
1072 3459 1260 3522 maximum
1279 3478 1458 3541 argumen-

310 3587 401 3661 „tum
433 3587 484 3643 est
509 3600 577 3644 non
602 3581 668 3644 dici
692 3580 749 3644 illa
771 3579 950 3656 subtiliter,
975 3579 1068 3662 quod
1093 3587 1127 3642 et
1151 3586 1223 3643 tam
1247 3577 1345 3643 facile
1370 3579 1458 3642 edis-

310 3707 448 3781 ,cantur
471 3707 507 3763 et
530 3699 574 3764 ab
598 3700 746 3763 indoctis
769 3699 967 3784 probentur,
988 3699 1022 3762 id
1043 3697 1089 3761 illi
1110 3698 1362 3763 firmamentum
1384 3719 1457 3763 esse

308 3819 527 3903 ,disciplinae
551 3819 707 3903 putant'’.
729 3820 775 3884 Et
795 3819 864 3884 Cic.
886 3819 928 3882 de
949 3818 1072 3881 finibus
1094 3836 1120 3882 1.
1134 3833 1165 3902 7.
1181 3833 1240 3900 25:
1265 3819 1342 3901 ,Ee
1363 3821 1458 3902 quod

309 3940 499 4022 „quaeritur
527 3960 640 4023 saepe,
673 3961 735 4004 cur
764 3952 833 4005 tam
859 3939 957 4003 multi
977 3940 1046 4004 sint
1067 3939 1243 4022 Epicurei:
1267 3948 1346 4004 sunt
1369 3941 1456 4004 aliae

311 4080 466 4143 „quoque
509 4080 640 4137 causae,
676 4060 735 4123 sed
772 4058 1024 4122 multitudinem
1060 4059 1124 4121 hoc
1160 4058 1308 4122 maxime
1343 4059 1458 4136 allicit,

311 4181 424 4263 ,quod
456 4181 504 4244 ita
527 4188 650 4263 putant
674 4179 718 4244 ab
741 4178 799 4242 illo
824 4178 901 4255 dici,
926 4186 1019 4242 recta
1042 4185 1077 4241 et
1101 4177 1245 4242 honesta
1268 4198 1356 4261 quae
1380 4180 1458 4256 sint,

342 4423 353 4460 1
387 4410 420 4460 ef.
440 4409 484 4459 1.l.
524 4446 530 4460 .
590 4421 612 4459 r.

341 4409 369 4564 a}
388 4497 429 4547 eff.
449 4420 670 4547 Cicpddiinibus
690 4508 715 4544 2.
737 4507 795 4545 102.
815 4495 918 4544 Lucret.
939 4506 962 4557 3.
979 4493 1030 4557 832
1047 4508 1106 4558 sqq.
1123 4493 1232 4559 Psyche,
1242 4493 1392 4543 Seelencult
1401 4494 1457 4544 und

309 4582 641 4648 Unsterblichkeitsglaube
670 4581 715 4631 der
743 4581 882 4646 Griechen,
910 4597 964 4630 von
988 4580 1076 4630 Erwin
1105 4579 1198 4630 Rohde
1217 4578 1261 4630 11³
1279 4596 1306 4644 p.
1325 4592 1374 4644 331
1396 4597 1456 4646 sqq.

312 4670 442 4721 Lucianus
462 4669 652 4735 Philopseudes
671 4684 694 4718 e.
714 4679 747 4731 32
767 4667 799 4717 de
819 4667 979 4718 Democrito.
993 4668 1016 4733 J.
1033 4666 1151 4732 Woltjer.
1163 4667 1277 4718 Lucretii
1287 4667 1457 4733 philosophia

311 4773 369 4808 cum
387 4758 506 4809 fontibus
524 4761 681 4822 comparata.
701 4755 847 4805 Proemium
866 4771 892 4820 p.
915 4767 937 4805 1.
1479 4749 1482 4753 ’
