3134 5476
202 1381 394 1464 Inaugurali
426 1382 657 1466 disputatione
688 1384 731 1447 ad
764 1382 867 1447 finem
890 1384 1055 1467 perducta
1078 1403 1156 1448 cum
1179 1385 1247 1448 iam
1271 1385 1305 1449 in

157 1521 198 1564 eo
221 1500 295 1576 sim,
316 1509 353 1564 ut
372 1502 485 1566 studia
503 1503 699 1567 academica
719 1503 906 1579 absolvam,
927 1505 1092 1567 maximas
1104 1504 1229 1586 gratias
1241 1524 1305 1587 ago
1359 1508 1362 1514 '

156 1622 253 1685 vobis
284 1622 452 1698 omnibus,
485 1623 547 1686 viri
578 1623 764 1700 clarissimi,
790 1625 888 1688 huius
913 1624 1153 1690 Universitatis
1178 1624 1307 1689 Profes-

154 1763 256 1819 sores,
281 1763 425 1826 quorum
449 1764 517 1807 non
541 1745 623 1808 satis
647 1745 844 1828 praedicare
864 1764 1003 1828 possum
1024 1745 1168 1827 insignia
1188 1746 1231 1807 de
1253 1764 1307 1808 me
1354 1810 1356 1815 ,

155 1863 292 1926 meritas
324 1871 437 1926 vestra
469 1865 560 1927 enim
591 1873 626 1928 et
658 1863 902 1927 benevolentia
932 1864 966 1927 in
998 1883 1052 1926 me
1076 1883 1211 1947 semper
1235 1871 1308 1928 erat

155 1983 304 2046 maxima
326 1991 362 2046 et
384 1982 557 2047 literarum
582 1983 750 2047 institutio
773 1983 1004 2047 saluberrima.

198 2102 369 2186 Imprimis
393 2111 437 2178 te,
463 2103 645 2168 clarissime
669 2103 825 2186 Woltjer,
850 2102 1090 2167 humanissime
1116 2112 1301 2186 promotor,

154 2229 252 2304 grato
276 2223 390 2287 animo
414 2223 564 2300 nomino,
589 2225 682 2287 cuius
701 2232 737 2287 et
756 2223 879 2287 scholis
899 2232 935 2287 et
953 2223 1145 2307 praeceptis
1164 2223 1304 2307 optimis

156 2361 216 2424 per
240 2342 363 2406 multos
386 2363 494 2407 annos
518 2343 600 2406 mihi
625 2342 687 2406 frui
711 2342 846 2418 licebat,
871 2344 964 2405 cuius
983 2350 1018 2406 et
1037 2343 1201 2406 memoria
1220 2343 1302 2408 mihi

155 2481 290 2546 semper
312 2463 355 2526 sit
379 2465 434 2547 pie
460 2464 664 2527 veneranda.

198 2581 272 2645 Nec
307 2603 374 2646 non
410 2584 483 2660 tibi,
516 2583 699 2648 clarissime
732 2583 889 2658 Geesink,
921 2583 1065 2666 gratiam
1098 2583 1219 2659 debeo,
1244 2585 1301 2667 qui

153 2701 389 2786 philosophiae
409 2703 585 2768 historiam
599 2725 653 2768 me
666 2704 811 2768 docuisti
824 2704 963 2785 eiusque
976 2702 1173 2786 disciplinae
1186 2723 1301 2767 amore

155 2842 208 2886 me
232 2823 382 2887 imbuisti
407 2845 474 2889 non
499 2845 625 2919 parvo.¹
688 2900 694 2914 ἱ

196 2943 328 3006 Domus
357 2953 424 3019 tua,
458 2944 641 3023 clarissime
673 2944 831 3027 Rutgers,
863 2943 944 3007 mihi
975 2964 1111 3027 semper
1141 2944 1299 3027 patebat,

151 3061 371 3127 blandissima
400 3072 459 3128 tua
487 3067 733 3129 consuetudine
764 3065 952 3129 domestica
983 3083 1038 3126 me
1069 3084 1172 3147 saepe
1204 3085 1301 3129 usum

154 3202 227 3245 esse
257 3203 301 3246 ex
325 3184 439 3274 animo
462 3187 605 3267 gaudeo,
631 3206 693 3269 pro
717 3205 785 3268 quo
809 3183 976 3248 beneficio
1000 3184 1059 3247 vix
1082 3184 1163 3248 satis
1186 3192 1302 3267 gratus

154 3303 236 3366 mihi
259 3305 386 3370 videar.

199 3422 245 3486 Et
280 3443 349 3498 vos,
386 3417 635 3489 commilitones
669 3423 841 3500 carissimi,
874 3444 1018 3507 quorum
1051 3424 1132 3500 mihi
1163 3431 1236 3486 erat
1267 3432 1301 3487 et

154 3541 394 3628 iucundissima
415 3553 450 3608 et
470 3543 734 3608 fructuosissima
750 3543 908 3619 amicitia,
930 3543 1043 3606 valere
1056 3563 1174 3607 omnes
1187 3543 1299 3607 iubeo.
