3134 5476
683 438 719 505 ¹3

322 606 442 692 fragm.
469 607 548 690 536:
723 592 728 599 ⁴
816 601 983 670 κατθανὼν
1006 604 1038 670 δὲ
1065 607 1130 678 τοῖς
1155 605 1229 687 ἁνήρ

578 730 621 804 γῆ
646 723 700 789 καὶ
725 722 811 789 σκιαὶ·
836 724 871 790 τὸ
894 723 990 804 μηδὲν
1015 725 1058 798 εἰς
1083 724 1166 791 οὐδὲν
1178 724 1274 807 ρ’έτεν.

124 850 285 936 Sophocl.
300 849 427 915 Electr.
445 846 545 930 1156:
570 844 681 927 τοιγὰρ
702 846 740 910 σὺ
761 844 847 924 δέξαι
860 846 896 924 μ’
910 846 940 919 ἐς
953 846 988 911 τὸ
1002 847 1054 912 σὸν
1067 846 1138 913 τάδε
1151 847 1275 927 στέγος,

571 968 626 1042 riv
653 966 749 1047 μηδὲν
774 968 805 1041 ἐς
829 968 865 1032 τὸ
889 967 997 1048 μηδέν.

123 1214 191 1279 Kb.
205 1213 294 1294 646a
318 1213 372 1296 (=
387 1212 518 1276 Dessau
534 1209 557 1294 ¹)
582 1210 696 1294 8156):

402 1333 493 1410 ἡμεῖς
518 1329 550 1396 δὲ
574 1328 691 1404 τοὶνσες
717 1331 742 1395 οἱ
767 1328 853 1396 κάτω
877 1329 1065 1408 τεθνηκότες

403 1452 510 1532 ὀστέα,
534 1451 638 1534 τέφρα
663 1451 856 1533 γεγόναμεν,
879 1453 961 1520 ἄλλο
985 1455 1016 1520 δὲ
1040 1454 1107 1520 οὐδὲ
1130 1451 1172 1520 ἕν.

125 1577 192 1642 Kb.
206 1577 308 1658 646b:
406 1578 497 1639 τοῦτο
518 1572 630 1653 ἔσομαι
645 1574 708 1657 γὰρ
722 1575 795 1654 ἐγώ·
808 1580 846 1640 σὺ
859 1575 890 1640 δὲ
903 1574 1023 1649 τούτοις
1036 1582 1096 1656 γῆν
1109 1576 1272 1658 ἕτνχώσας

401 1693 480 1760 εἷσέ·
505 1691 551 1761 ὅτι
576 1696 630 1760 οὐκ
654 1695 692 1760 ὢν
716 1689 751 1768 ἦν
773 1700 865 1761 τοῦτο
889 1694 986 1761 πάλιν
1011 1696 1142 1777 γέγονα.

122 1818 167 1882 Α.
178 1819 212 1883 Ρ.
223 1818 292 1882 VII
308 1836 380 1902 339:
405 1816 488 1882 οὐδὲν
505 1817 559 1880 ἐὼν
571 1813 720 1894 γενόμην·
734 1814 832 1882 πάλιν
846 1814 989 1898 ἔσσομαι,
1003 1819 1042 1892 ὥς
1055 1817 1164 1900 uulpes,
1178 1819 1273 1886 οὐδέν.

168 1939 347 2003 Praeterea
371 1938 415 2002 A.
431 1938 465 2002 P.
479 1938 512 2002 X
530 1940 601 2016 118,
616 1938 666 2002 XI
681 1939 711 2001 8.
736 1938 911 2022 Theognis
934 1942 1007 2026 567,
1029 1943 1104 2027 878.
1119 1943 1273 2026 Euripid.

122 2059 247 2123 Troad.
261 2060 337 2142 631.
351 2059 448 2123 Plato
462 2058 601 2123 Phaedo
615 2075 658 2142 70
667 2059 711 2136 A,
725 2075 767 2144 77
777 2061 814 2137 B,
829 2061 872 2124 80
882 2062 924 2124 D.
939 2061 1076 2126 Lucret.
1090 2078 1273 2147 3.459sqq‚

122 2197 199 2265 470.
222 2182 299 2261 484,
324 2176 478 2266 6384639,
503 2179 579 2244 666·
605 2179 673 2245 Kb·
698 2195 751 2265 νε,

121 2634 202 2699 Bch.
232 2636 315 2719 1496
339 2635 392 2719 (=
406 2636 538 2700 Dessau
563 2636 679 2720 8166):

278 2754 370 2820 Olim
394 2777 462 2820 non
488 2754 622 2832 fuimus,
647 2756 717 2819 nati
741 2776 857 2820 sumus
879 2757 971 2821 unde
995 2759 1119 2842 quieti:

278 2895 368 2939 nunc
391 2896 506 2939 sumus
529 2884 568 2939 ut
591 2874 723 2952 fuimus
748 2896 829 2940 cura
853 2876 971 2941 relicta
994 2877 1079 2943 vale.

121 2994 202 3059 Bch.
226 2997 292 3060 800
315 2995 368 3079 (·-
382 2996 514 3060 Dessau
540 2996 657 3081 8167):

276 3138 345 3181 non
369 3116 489 3194 fueras,
514 3137 604 3181 nunc
629 3137 675 3195 es,
700 3119 824 3182 iterum
848 3139 936 3183 nunc
961 3120 1096 3185 desines
1119 3142 1203 3185 esse.

117 3271 120 3275 .
166 3235 208 3301 cf.
233 3237 458 3302 Friedlander
480 3237 502 3302 1.
511 3237 532 3302 l.
557 3258 590 3321 p.
616 3255 681 3323 739
701 3247 736 3302 et
756 3238 873 3304 adnot.
899 3258 948 3317 10,
969 3239 1027 3304 ubi
1040 3241 1106 3306 alia
1118 3241 1272 3305 eiusdem

123 3357 256 3440 generis
278 3356 469 3423 laudantur.

124 3477 205 3542 Bch.
231 3495 294 3564 247
319 3480 371 3565 (=
382 3481 514 3545 Dessau
538 3480 655 3564 8162):

279 3621 347 3664 non
370 3600 427 3679 fui,
452 3601 508 3677 sui,
535 3622 603 3665 non
626 3622 712 3678 sum,
737 3622 805 3666 non
831 3602 998 3666 desider0.

122 3719 177 3783 vel
201 3719 344 3804 (Dessau
369 3722 467 3804 8163,
492 3721 609 3805 8164):

278 3861 346 3905 non
370 3841 427 3918 fui,
451 3841 508 3919 sui,
533 3842 682 3918 memini,
707 3863 775 3906 non
799 3864 884 3920 sum,
909 3864 978 3907 non
1002 3864 1093 3907 curo.

126 3960 232 4044 Quae,
257 3971 294 4026 ut
313 3963 457 4026 adnotat
478 3961 715 4039 Buechelerus,
735 3971 806 4026 tam
826 3963 907 4026 trita
928 3962 1072 4041 suerunt,
1093 3971 1131 4027 ut
1143 3964 1273 4047 primae

122 4081 254 4146 litterae
278 4103 310 4146 n.
325 4082 346 4147 f.
360 4082 381 4148 f.
396 4104 428 4147 n.
441 4104 467 4146 s.
481 4104 513 4147 n.
527 4103 557 4147 c.
581 4083 734 4147 notando
757 4084 959 4147 sufficerent.

168 4202 280 4266 Affert
303 4204 410 4267 multa
433 4202 594 4286 parallela
617 4204 730 4267 Bruno
755 4204 835 4267 Lier
859 4204 894 4266 in
915 4203 1156 4287 disputationis
1176 4212 1273 4287 parte

123 4324 229 4388 altera
263 4324 282 4407 ὅ
295 4342 346 4406 34,
380 4324 557 4408 disputans
588 4325 632 4388 de
664 4326 703 4388 iis
727 4326 905 4389 sententiis
928 4326 962 4389 in
987 4325 1094 4388 titulis
1117 4324 1274 4408 frequen·

123 4445 212 4520 tatis,
246 4444 369 4527 quibus
399 4444 593 4508 hominibus
623 4446 862 4529 superstitibus
893 4443 1056 4509 solacium
1079 4445 1273 4529 praebetur.

131 4625 306 4642 ——uss

157 4738 182 4806 1)
201 4741 310 4790 Dessau.
339 4740 529 4806 Inscriptiones
553 4740 650 4791 latinae
675 4741 795 4792 selectae.
814 4742 876 4792 Vol.
894 4742 921 4792 II
939 4742 1000 4792 Pars
1019 4742 1045 4791 11
1064 4742 1182 4792 Berolini
1203 4740 1271 4805 1906
1397 4788 1402 4797 ,

126 4826 197 4891 apud
217 4827 415 4894 Weidmanuos,
433 4843 491 4893 cap.
510 4828 602 4878 XVII:
622 4828 692 4879 tituli
711 4829 869 4895 sepulcrales
886 4826 1097 4896 (7818—8560).
