3134 5476
690 408 750 475 107

184 577 219 632 et
243 569 365 633 satiata
388 569 509 653 thymo
533 570 695 637 stillantia
720 570 820 636 mella
844 570 1014 653 relinquit,

185 690 231 752 mi
255 689 409 755 volucres
431 692 485 756 hic
509 693 608 757 dulce
632 701 757 758 canent
779 691 1005 756 viridantibus
1028 691 1143 767 antriS,

186 808 241 873 hic
265 812 389 876 viridat
412 812 550 876 tumulis
573 812 685 878 laurus
710 833 817 897 prope
843 811 941 876 Delia
964 812 1097 885 nostris,

185 939 221 994 et
244 951 325 997 auro
348 933 474 997 similes
498 935 652 1018 pendunt
676 936 710 998 in
734 933 860 998 vitibus
884 952 1057 997 uvae....

141 1048 272 1116 Similia
295 1052 376 1117 Βοὴ.
399 1072 476 1138 439,
499 1055 576 1138 469.
601 1053 843 1119 Conferantur:

141 1172 186 1236 A.
201 1172 237 1236 P.
251 1173 317 1237 VII
333 1175 411 1259 187:
457 1173 496 1237 Ἡ
519 1174 615 1255 γρηῦς
639 1174 724 1238 Νικὼ
749 1171 893 1248 Μελίτης
917 1170 1023 1254 τάφον
1047 1168 1250 1253 ἐστεφάνωσε

502 1294 697 1376 παρθενικῆς.
724 1293 824 1375 Ἀίδῃ,
849 1295 931 1359 τοῦθ’
955 1293 1042 1365 ὁσίως
1066 1293 1229 1374 :inpiatum

220 1415 303 1480 ibid.
327 1418 412 1497 485:
458 1413 595 1481 Biniso’
620 1416 693 1499 ὑπὲρ
717 1416 843 1495 τύμβου
868 1415 965 1482 πολιὰ
989 1414 1077 1499 κρίνω
1101 1417 1134 1501 (i.
1148 1438 1176 1481 e.
1201 1414 1293 1500 lilia).
1377 1396 1380 1402 Ι

142 1534 225 1599 ibid.
249 1537 326 1616 406,
350 1551 426 1622 714.
452 1538 520 1602 Kb.
546 1556 633 1623 297a
657 1541 691 1604 in
715 1539 809 1603 Add.

144 1653 267 1719 Tibull.
294 1673 324 1720 a.
336 1675 368 1736 4.
380 1660 442 1737 48:
466 1679 579 1724 annua
602 1667 798 1725 constructo
821 1668 912 1724 serta
936 1659 1033 1724 dabit
1055 1658 1199 1723 tumulo.

144 1774 249 1858 Verg.
273 1775 363 1841 Aen.
387 1779 419 1842 6.
432 1780 515 1862 883:
697 1781 853 1845 manibus
877 1781 956 1843 date
980 1777 1049 1842 lilia
1072 1778 1191 1863 plenis,

432 1920 621 1982 purpureos
632 1921 790 1984 spargam
803 1899 914 1977 fiores,
927 1898 1144 1981 animamque
1157 1899 1293 1981 nepotis

434 2019 486 2082 his
509 2019 630 2085 saltem
654 2020 870 2085 adcumulem
895 2021 1003 2084 donis.

190 2136 294 2220 Verg.
315 2136 403 2202 Aen.
431 2154 460 2220 5.
473 2156 525 2224 79,
540 2139 636 2223 Copa
650 2159 667 2224 3
674 2156 708 2222 53
724 2141 877 2225 Propert.
895 2157 921 2203 1.
940 2155 989 2223 17.
1004 2156 1045 2203 22
1055 2167 1064 2218 ;
1079 2137 1181 2204 Ovid.
1193 2138 1293 2202 Trist.

147 2274 177 2339 3.
193 2276 222 2340 3.
236 2258 294 2335 82;
333 2258 433 2322 Mart.
471 2262 564 2344 1.89.
598 2261 640 2325 cs.
672 2261 741 2326 Cic.
766 2282 829 2345 pro
853 2260 968 2325 Flacc.
994 2274 1099 2344 3175
1127 2261 1169 2324 de
1194 2279 1296 2322 aurea

146 2397 281 2455 corona,
309 2400 376 2462 qua
401 2388 552 2445 mortuos
576 2381 754 2446 donabant
777 2379 957 2463 Smyrnaei
972 2378 1006 2463 ¹).

193 2616 340 2684 Odorum
375 2641 512 2704 quoque
547 2621 602 2685 hic
637 2620 704 2685 illic
736 2621 775 2685 fit
808 2621 937 2685 mentio
960 2619 1092 2685 tumulo
1116 2641 1142 2683 s.
1166 2619 1297 2683 ossibus

146 2737 327 2803 illatorum.

147 2858 228 2922 Βοὴ.
245 2876 345 2942 1321:
370 2861 430 2924 dat
454 2869 576 2944 patruo
600 2861 647 2926 ob
670 2863 828 2926 meritum
852 2861 990 2927 feralem
1015 2861 1153 2926 Flavius
1177 2881 1294 2924 urnam

414 2982 560 3046 Ninnius
583 2992 618 3047 et
641 2984 790 3048 cinerem
813 2985 943 3068 spargit
967 2985 1072 3048 odore
1100 3002 1250 3066 gemens.

147 3103 228 3166 Βοὴ.
246 3105 346 3185 1508:
372 3104 429 3186 qui
453 3125 542 3168 nunc
567 3127 630 3188 pro
654 3107 784 3170 meritis
807 3105 895 3169 bene
920 3106 1033 3201 adque
1058 3113 1150 3168 caste

367 3244 500 3308 corpus,
526 3227 619 3308 quod
644 3227 758 3309 potuit
781 3246 906 3309 negare
931 3226 1100 3302 flammae,

369 3353 545 3428 unguento
569 3354 604 3410 et
628 3345 709 3409 solio
736 3346 888 3429 rosisque
914 3346 1053 3430 plenum

371 3473 409 3529 ut
432 3486 559 3530 numen
584 3465 666 3530 colit
690 3468 811 3531 anxius
835 3468 1007 3530 merentis.

148 3585 190 3648 ci.
215 3584 296 3648 Βοὴ.
327 3600 419 3668 1135,
449 3588 533 3670 1829
557 3595 592 3650 et
616 3585 740 3650 Tibull.
767 3605 793 3650 1.
810 3605 838 3669 3.
853 3602 890 3670 7:
913 3607 982 3650 non
1002 3585 1069 3670 (hic
1090 3583 1185 3669 mihi)
1197 3603 1301 3658 soror,

150 3706 311 3790 Assyrios
335 3709 439 3772 cineri
463 3729 551 3791 quae
575 3709 680 3773 dedat
704 3709 827 3773 odores
842 3706 875 3792 ¹).

194 3885 364 3951 Lacernae
396 3887 623 3970 ponebantur,
656 3908 743 3970 quae
767 3908 836 3971 quo
861 3889 917 3952 die
940 3888 1016 3971 quis
1042 3894 1193 3951 mortuus
1215 3892 1298 3959 erat,

149 4005 425 4071 accendebantur
438 4005 474 4092 ²).

153 4189 326 4198 ....—-—-.

185 4286 212 4354 1)
231 4289 305 4338 Haec
325 4288 431 4352 pietatis
450 4287 534 4337 officia
553 4287 683 4338 etiamad
703 4287 866 4338 Christianos
885 4287 1050 4336 transierunt.

183 4375 218 4426 cf.
237 4376 393 4426 Prudentius
414 4375 561 4426 Cathemer.
581 4376 679 4440 Hymn.
702 4384 818 4438 10.177:
838 4390 887 4424 nos
905 4381 975 4424 tecta
993 4373 1141 4425 fovebimus
1159 4388 1219 4422 ossa

843 4463 922 4512 violis
941 4468 967 4511 et
986 4462 1080 4512 fronde
1099 4461 1228 4526 sequenti.

408 4550 508 4616 Sulpic.
528 4550 616 4601 Sever.
633 4550 704 4600 Dial.
723 4561 748 4614 3.
759 4563 807 4600 22:
843 4549 1002 4614 titulumque
1021 4555 1048 4598 et
1067 4548 1162 4614 frigida
1180 4562 1242 4597 saxa

852 4636 956 4702 liquido
975 4651 1127 4702 spargemus
1145 4634 1235 4685 odore.

185 4725 214 4793 2)
243 4723 277 4774 cf.
303 4725 457 4790 Marquardt
474 4724 659 4775 Privatleben²
678 4742 705 4792 p.
724 4725 789 4790 367:
810 4727 863 4790 „Zu
882 4724 929 4776 der
946 4724 1121 4787 Einrichtuug
1139 4721 1187 4772 des
1205 4723 1306 4773 Grabes

157 4811 288 4878 „gehdren
306 4839 342 4850 -
361 4813 480 4878 Lampen
507 4812 562 4863 und
589 4812 762 4880 Candelaber,
788 4813 831 4863 die
858 4812 933 4863 nicht
956 4811 1031 4862 bloss
1049 4811 1108 4861 eine
1128 4809 1303 4876 symbolische
