3134 5476
711 347 753 409 82

152 524 235 588 Bch.
266 540 345 610 197:
392 527 446 591 Ita
468 526 553 592 levis
576 528 753 592 incumbat
777 535 868 592 terra
892 527 1054 591 defuncto
1078 523 1142 589 tibi

385 646 438 710 vel
462 648 568 712 assint
592 647 698 730 quieti
723 647 893 711 cineribus
918 647 1040 710 Manes
1064 645 1142 721 tuis,

387 787 470 850 rogo
494 788 537 831 ne
561 767 705 852 sepulcri
731 769 867 831 umbras
891 765 1018 830 violare
1043 766 1181 829 audeas.

154 883 235 946 Bch.
262 899 343 966 2152
389 885 441 948 his
465 906 565 969 parce
589 887 727 951 tumulis
751 888 883 970 ingredi
907 887 1032 970 pedem
1058 905 1180 968 saepe:

387 1006 434 1068 sic
460 1027 633 1090 nunquam
657 1007 774 1070 doleas
798 1016 902 1090 atque
926 1007 1022 1071 triste
1046 1004 1205 1088 suspires,

388 1134 553 1208 quantum
577 1127 705 1192 doloris
728 1127 846 1191 titulus
870 1128 934 1191 iste
958 1134 1113 1190 testatur.

156 1244 236 1308 Bch.
267 1262 345 1309 1101
359 1271 366 1308 :
392 1245 458 1310 Hic
478 1247 627 1312 tumulus
647 1248 764 1312 Fructi
777 1267 872 1312 sacer
885 1255 947 1324 est,
960 1267 1063 1330 quem
1075 1245 1211 1310 laedere
1225 1243 1301 1320 noli,

510 1366 652 1450 hospes:
677 1369 724 1431 sic
749 1368 838 1433 votis
863 1368 936 1451 ipse
960 1366 1069 1431 fruare
1093 1366 1171 1430 tuis.

200 1485 241 1548 cs.
267 1485 348 1550 Bch.
374 1487 449 1569 836,
479 1488 572 1569 1178,
603 1489 695 1564 1181,
727 1489 819 1564 1286,
849 1488 943 1573 1467,
973 1487 1067 1567 1468,
1093 1485 1205 1569 (1469)
1221 1483 1253 1568 ¹).

157 1604 224 1668 Kb.
250 1607 331 1686 248:
356 1601 440 1679 ὅστις
465 1606 542 1683 ἐμεῦ
567 1604 712 1679 urrinnai
735 1605 788 1671 nul
814 1606 887 1685 ἐμὸν
908 1605 989 1669 λίθον
1014 1606 1068 1671 οὐκ
1092 1603 1246 1679 ἀδικήσει,

451 1722 537 1801 οὗτος
561 1727 621 1792 τὰν
646 1727 748 1793 αὑτὸν
772 1736 883 1810 μοῖραν
910 1727 977 1806 ἐμοὶ
1005 1724 1148 1808 lextra.

202 1967 349 2031 Poenam
374 1977 556 2052 precantur
579 1970 698 2033 harum
722 1969 982 2053 inscriptionum
1005 1967 1127 2032 verba:

158 2087 238 2150 Bch.
269 2103 370 2170 1415:
887 2089 945 2171 qui
969 2087 1042 2150 volt
1067 2085 1205 2162 violare,

446 2219 563 2274 cernet
587 2230 655 2292 quo
680 2210 800 2285 iaceat,
825 2227 937 2292 poena
962 2207 1115 2271 manebit
1138 2227 1228 2270 eum.

157 2327 238 2391 Bch.
269 2342 369 2411 1799:
393 2328 544 2412 Quisque
569 2330 628 2413 (sic
639 2330 659 2411 1)
684 2329 762 2393 huic
786 2328 887 2392 titulo
912 2348 1031 2391 manus
1055 2326 1216 2402 intulerit,
1237 2325 1301 2390 sale

437 2460 472 2514 et
495 2471 584 2534 aqua
609 2451 791 2516 desideret.

201 2570 258 2631 ubi
282 2571 361 2646 vid,
386 2590 473 2652 quae
497 2571 676 2634 adnotavit
699 2569 935 2634 Buechelerus

158 2687 239 2750 Bch.
258 2691 357 2770 1581:
382 2690 497 2772 itaque
521 2689 584 2753 tibi
605 2690 693 2766 dico,
707 2690 764 2772 qui
779 2690 887 2753 nescis
901 2688 999 2752 dulce
1012 2708 1097 2752 voce
1110 2688 1225 2752 dicere
1237 2688 1303 2760 filii,

470 2830 513 2872 ne
537 2809 633 2872 vellis
658 2811 801 2893 cupidus
825 2830 935 2893 poene
960 2829 1098 2873 manere
1122 2808 1223 2873 male.

159 2928 215 2991 ubi
244 2927 351 3008 ,male
375 2928 533 2992 manere'’
558 2931 649 2992 idem
675 2931 809 2994 videtur
833 2930 1023 3013 significare
1047 2949 1086 2993 ac
1112 2928 1209 2992 malis
1229 2948 1306 2991 con·

158 3049 240 3112 siliis
262 3048 317 3112 vel
340 3051 524 3133 propositis
548 3072 655 3134 prope
680 3051 872 3134 sepulcrum
895 3050 1108 3126 commorari,
1130 3057 1167 3113 ut
1179 3047 1307 3111 scilicet

159 3169 314 3233 violetur.

204 3290 454 3372 Comparentur

160 3408 385 3474 Cholodniak.
409 3411 494 3491 436:

182 3531 209 3592 si
233 3531 308 3612 quis
331 3530 431 3593 titulo
457 3551 575 3595 manus
598 3531 761 3608 intulerit,
787 3552 855 3595 non
879 3531 981 3594 illunc
1007 3530 1151 3613 recipiat
1175 3529 1286 3593 tellus.

160 3650 590 3734 ibid.73:hospes,itapost
600 3653 732 3716 obitum
742 3650 1245 3734 sittibe(sic!)terralevis,uttu
1255 3651 1309 3714 hic

161 3769 243 3833 nihil
267 3770 412 3846 laeseris
436 3779 495 3834 aut
518 3773 545 3834 si
570 3773 645 3855 quis
668 3771 813 3849 laeserit,
835 3792 897 3835 nec
917 3771 1047 3854 superis
1066 3771 1311 3853 comprobetur

162 3911 224 3954 nec
247 3890 344 3954 inferi
368 3891 533 3974 recipiant
556 3901 591 3955 et
614 3894 658 3955 sit
682 3893 712 3955 ei
736 3900 827 3956 terra
850 3892 972 3975 gravis.

162 4009 234 4075 c.1.
261 4013 362 4093 3843:
428 4009 475 4081 τίς
500 4009 594 4075 8112
620 4019 717 4092 χεῖρα
741 4012 934 4092 προσαγάγῃ
957 4008 1152 4091 βαρύφθονον

428 4139 500 4202 ταῖς
525 4133 639 4203 αὐτοῖς
664 4132 860 4212 περιπέσοιτο
885 4137 1075 4212 συμφοραῖς.

162 4250 292 4315 simma
316 4250 353 4314 ο.
367 4252 392 4314 1.
417 4242 495 4315 aad.
521 4253 572 4315 111
597 4255 693 4335 3827,
719 4254 756 4318 c.
771 4255 796 4317 1.
823 4255 919 4337 3893.

197 4416 222 4484 1)
241 4417 304 4468 Bch.
324 4417 390 4482 837:
411 4433 514 4483 „parce‚
533 4417 593 4482 piae
613 4417 713 4484 Manes,
733 4417 769 4467 ita
788 4425 813 4467 te
834 4425 878 4468 tus
894 4424 955 4467 vota
964 4413 1133 4482 sequantu1”‚
1143 4414 1193 4464 huc
1204 4431 1312 4481 quoque

164 4505 286 4572 pertinet,
312 4505 373 4555 licet
401 4506 433 4555 de
452 4505 573 4555 carminis
592 4504 673 4553 forma
691 4520 745 4553 non
765 4511 875 4554 constet.
895 4503 1084 4571 (Cholodniak.
1105 4502 1172 4566 652:
1192 4502 1259 4569 pias,
1277 4503 1311 4552 cl.

159 4592 221 4643 Bch.
243 4590 332 4660 1468).

165 4678 198 4727 cf.
217 4678 279 4727 Bch.
302 4676 384 4741 1308:
403 4678 515 4743 quisque
534 4677 583 4744 (sic
591 4676 611 4744 l)
628 4677 690 4726 huic
709 4677 808 4727 tumulo
827 4678 928 4742 possuit
946 4674 1103 4741 ardente(m)
1120 4674 1264 4742 lucernam,

605 4763 676 4812 illius
694 4764 793 4814 cineres
812 4780 888 4814 aurea
907 4770 973 4813 terra
991 4768 1069 4828 tegat.
