3134 5476
760 390 819 456 13²

259 552 405 634 Utrique
435 561 550 619 autem
573 563 609 619 et
632 556 667 619 di
692 563 872 639 parentum
896 562 931 619 et
954 554 989 617 di
1014 554 1131 617 Manes
1154 553 1365 636 (posterioris

213 692 259 735 sc.
284 673 416 758 aetatis)
441 676 566 738 mortui
589 684 677 752 sunt,
703 684 870 758 quatenus
893 684 952 739 aut
976 675 1138 758 prodesse
1162 682 1221 737 aut
1242 693 1365 737 nocere

213 791 361 875 possint;
386 802 542 857 auctores
566 804 645 858 sunt
668 797 906 879 superstitibus
926 794 1121 858 hominibus
1141 802 1176 856 et
1196 793 1366 857 bonorum

213 921 248 975 et
274 911 450 990 malorum,
475 935 543 997 quo
564 915 603 980 fit
624 924 661 978 ut
681 917 821 980 maximi
841 917 1007 981 habeatur
1028 915 1204 990 momenti,
1217 915 1245 976 si
1258 913 1366 976 homi-

214 1031 313 1096 nibus
336 1034 380 1097 sit
402 1035 510 1116 gratia
534 1055 612 1100 cum
636 1036 710 1100 illis.

258 1152 411 1217 Eaedem
435 1153 490 1219 vel
510 1155 679 1239 pleniores
700 1157 743 1220 de
763 1165 973 1221 mortuorum
987 1156 1020 1220 vi
1034 1176 1074 1221 ac
1088 1163 1260 1241 potestate
1273 1154 1365 1238 apud

214 1274 363 1339 Graecos
387 1275 606 1342 inveniuntur
630 1278 831 1355 sententiae,
855 1297 939 1360 quas
963 1277 1007 1341 ab
1032 1277 1072 1342 iis
1096 1285 1268 1342 mutuatos
1291 1294 1364 1339 esse

213 1394 388 1459 Romanos
422 1397 493 1460 veri
528 1396 637 1461 simile
667 1417 736 1462 non
767 1405 835 1474 est;
868 1397 949 1462 talia
981 1398 1073 1462 enim
1096 1399 1130 1462 in
1154 1398 1228 1481 ipsa
1251 1415 1364 1460 rerum

214 1523 334 1579 natura
358 1517 470 1600 posita
493 1524 572 1580 sunt
585 1515 620 1602 ¹).

257 1636 330 1700 Iam
369 1637 595 1720 antiquissimi
636 1638 757 1702 Graeci
794 1639 936 1702 mortuis
970 1639 1168 1723 superstites
1203 1637 1363 1702 laedendi

212 1757 348 1841 copiam
372 1759 488 1822 datam
508 1778 582 1822 esse
602 1760 838 1836 crediderunt;
860 1779 903 1823 ex
923 1760 963 1823 iis
983 1759 1084 1835 enim,
1105 1779 1192 1842 quae
1206 1758 1364 1842 Mycenis

212 1875 334 1941 effossa
368 1886 457 1955 sunt,
489 1888 634 1962 apparet
663 1887 743 1942 ante
777 1878 919 1943 Homeri
943 1887 1093 1943 aetatem
1117 1887 1270 1942 mortuos
1293 1898 1363 1943 non

212 1997 321 2062 solum
355 1999 500 2083 sepeliri,
531 2000 592 2063 sed
625 2001 728 2063 etiam
759 1999 932 2064 sacrificiis
965 2008 1044 2083 post
1074 2006 1219 2062 mortem
1244 1997 1310 2062 coli
1325 1994 1361 2080 ²).

212 2116 309 2201 Quae
332 2121 554 2197 consuetudo,
575 2141 782 2204 quamquam
803 2120 1064 2184 Homericorum
1076 2120 1264 2184 carminum
1276 2125 1362 2181 tem·

212 2239 351 2321 poribus
378 2242 526 2317 recessit,
552 2249 672 2324 utpote
697 2261 785 2323 quae
809 2241 943 2304 diversa
967 2247 1056 2303 esset
1079 2238 1123 2302 ab
1145 2239 1186 2302 iis
1209 2257 1298 2322 quae
1321 2257 1362 2301 ea

211 2367 324 2422 aetate
360 2360 461 2443 vulgo
492 2362 657 2425 sentirent
689 2360 854 2437 homines,
878 2361 1001 2424 iterum
1025 2380 1064 2423 ac
1087 2359 1222 2443 saepius
1244 2366 1361 2423 tamen

212 2479 389 2562 profertur,
414 2489 453 2544 ut
475 2480 674 2566 explanavit
694 2481 734 2544 E.
749 2481 903 2546 Rohdius
924 2482 958 2545 in
977 2480 1054 2545 libri
1067 2481 1117 2544 sui
1130 2488 1227 2564 parte
1240 2480 1361 2563 prima,

211 2606 246 2663 et
270 2609 390 2683 postea
408 2609 607 2685 contempta
628 2601 770 2665 Homeri
784 2602 985 2665 auctoritate
998 2601 1098 2665 latius
1111 2606 1163 2664 est
1176 2599 1361 2683 divulgata.

211 2721 284 2784 Iam
308 2721 387 2784 inde
411 2742 431 2786 a
450 2722 562 2805 poetis
582 2722 719 2805 tragicis
740 2732 951 2786 mortuorum
971 2723 1022 2787 vis
1039 2742 1079 2786 ac
1091 2729 1245 2806 potestas
1257 2720 1361 2804 vulgo

211 2841 385 2925 probatur,
409 2862 553 2926 quorum
573 2843 736 2907 invocant
755 2842 928 2921 auxilium,
949 2845 1175 2928 deprecantur
1195 2841 1361 2905 invidiam

210 2965 419 3047 superstites.

256 3082 498 3148 Conferantur:

211 3202 727 3289 Aeschyl.Choeph.1472ipiv
752 3203 783 3268 δὲ
809 3201 934 3281 adhunc
961 3201 1020 3268 ἴσθι
1044 3208 1105 3268 τῶν
1128 3203 1242 3269 ἐσθλῶν
1266 3200 1343 3281 ἄνω,

645 3324 699 3389 σὺν
723 3325 815 3390 θεοῖσι
839 3322 893 3389 nal
917 3332 961 3406 γῇ
986 3323 1051 3389 καὶ·
1065 3323 1132 3406 δίκῃ
1155 3322 1319 3407 νικηφόρῳ.

643 3444 775 3510 τοιαῖσδ’
789 3445 839 3510 ἐπ’
849 3445 965 3526 εὐχαῖς
978 3443 1070 3511 τάσδ’
1082 3445 1253 3512 ἐπισπένδω
1263 3444 1359 3527 χοάς.

219 3593 416 3606 ——ss—

243 3735 271 3806 1)
288 3737 323 3789 cf.
342 3739 396 3788 Leo
415 3736 507 3806 Bloch,
526 3738 625 3790 Antike
644 3739 769 3805 Religion
787 3741 858 3807 apud
876 3743 919 3792 W.
937 3743 1023 3810 Kroll,
1039 3743 1091 3794 Die
1107 3744 1358 3799 Altertumswissen·

211 3824 295 3875 schaft
320 3826 355 3874 im
381 3824 480 3876 letzten
508 3825 777 3890 Vierteljahrhundert
802 3844 829 3893 p.
846 3827 915 3892 446:
941 3829 1008 3894 „Die
1027 3829 1102 3880 nicht
1120 3832 1292 3884 verstandene
1311 3835 1358 3885 Er·

214 3910 376 3978 „scheinung
402 3929 464 3963 vom
490 3913 565 3964 Tode
589 3921 697 3980 muszte,
720 3914 813 3964 sobald
830 3932 891 3966 man
910 3917 967 3966 sich
984 3917 1081 3968 einmal
1098 3917 1188 3985 anfing
1206 3919 1354 3972 Gedanken

214 4012 260 4061 „zu
279 3998 397 4065 macheu,
416 4015 447 4049 zu
465 3997 525 4049 dem
544 3999 647 4050 Glaube
665 4016 698 4050 an
718 4001 761 4050 ein
781 4001 944 4053 Fortwirlren
962 4003 1008 4053 der
1022 4019 1083 4053 vom
1097 4005 1181 4055 Leibe
1199 4012 1357 4071 gotrennten

214 4082 306 4147 „Seele
333 4084 435 4135 luhren.
461 4086 512 4136 Die
537 4086 752 4152 Stellungnahme
777 4104 808 4137 zu
825 4087 917 4140 diesen
936 4090 1137 4155 Tolengeistern
1155 4093 1201 4143 hat
1219 4094 1358 4147 sicherlich

213 4169 276 4235 „aus
281 4169 325 4220 die
336 4171 539 4239 Entwickelung
548 4173 582 4240 (i)
592 4174 637 4224 der
647 4175 786 4239 religidsen
797 4175 1001 4241 Vorstellungen
1011 4178 1063 4227 den
1073 4180 1283 4245 nachhaltigsten
1293 4182 1357 4232 Ein-

214 4255 293 4321 „flusz
310 4260 445 4324 ausgeiibt.
465 4260 526 4311 Und
545 4261 578 4310 da
596 4276 655 4310 man
675 4262 732 4311 sich
746 4263 813 4312 nach
829 4261 888 4313 dem
898 4263 1020 4314 Warum?
1029 4281 1071 4315 am
1081 4274 1167 4317 ersten
1177 4268 1219 4318 bei
1228 4268 1357 4336 widrigen

214 4343 463 4408 ,Vorkommnissen
487 4347 565 4413 fragt,
589 4363 618 4397 so
644 4348 757 4398 nahmen
776 4350 848 4400 diese
868 4351 961 4400 Seelen
979 4358 1158 4418 naturgemdsz
1177 4355 1220 4404 ein
1239 4355 1358 4407 unheim·

213 4429 312 4495 „liches
329 4431 492 4484 furchtbares
508 4434 635 4484 Ansehen
651 4451 693 4485 an.
709 4437 802 4486 Dieser
818 4437 1037 4504 Gedankengang
1046 4438 1080 4489 ist
1089 4439 1229 4506 allgemein
1237 4443 1358 4495 mensch·

213 4516 283 4582 ,lich
302 4517 356 4566 und
373 4534 403 4568 so
422 4519 504 4570 findet
522 4520 578 4570 sich
597 4520 681 4571 dieser
699 4521 889 4589 Seelenglaube
908 4524 1113 4577 allenthalben‘'.

240 4603 275 4654 cl.
293 4603 358 4654 ibid.
379 4621 406 4671 p.
424 4615 491 4672 455:
512 4607 604 4673 „Noch
622 4607 783 4660 fruchtbarer
802 4616 851 4661 etc.
871 4619 899 4662 et
916 4611 993 4663 huius
1011 4613 1073 4666 libr.
1093 4631 1120 4681 p.
1142 4628 1188 4681 131
1209 4617 1299 4670 adnot.
1320 4632 1344 4686 3.

241 4690 269 4758 2)
287 4691 321 4742 cl.
345 4693 440 4743 Rohde
465 4693 508 4744 l.l.
533 4693 564 4745 1³
582 4711 608 4761 p.
629 4706 662 4759 32
682 4711 752 4764 sqq.,
771 4697 843 4749 Guhl
860 4699 916 4750 und
933 4700 1032 4752 Koner.
1051 4703 1143 4754 Leben
1161 4703 1208 4755 der
1226 4705 1358 4760 Griechen

211 4777 267 4827 und
286 4779 400 4829 Romert
418 4797 445 4846 p.
465 4793 508 4846 31.
