3134 5476
758 388 801 453 43

249 557 265 619 S
292 561 321 629 5.
346 547 494 632 Species

250 667 355 751 Apud
388 669 563 733 Romanos
587 691 663 734 cum
692 671 864 755 „species”
888 673 931 736 de
955 672 995 735 iis
1019 672 1190 734 interdum
1214 671 1355 745 dicatur,

205 807 294 870 quae
317 789 351 852 in
375 790 514 853 somniis
538 791 698 855 videntur
713 790 745 875 ¹),
771 792 842 856 fieri
866 799 981 876 potest
1005 799 1042 855 ut
1066 790 1130 854 hac
1150 810 1235 854 voce
1255 789 1356 871 signi·

204 907 383 972 ficaverint
405 930 542 994 quoque
566 913 682 976 tenuia
705 922 809 996 atque
833 913 946 977 inania
972 920 1182 976 mortuorum
1202 930 1355 994 corpora.

206 1028 260 1092 Ita
284 1049 365 1093 vero
390 1030 605 1115 interpretari
630 1033 769 1097 dubito:

206 1148 288 1212 Bch.
304 1149 384 1232 367:
433 1150 516 1214 haec
540 1172 561 1214 a
585 1152 683 1216 vobis
703 1153 825 1216 merito
848 1153 929 1216 data
949 1151 1047 1215 nobis
1068 1150 1219 1234 praemia
1239 1149 1358 1225 laetor,

439 1272 531 1354 quod
556 1273 687 1356 species
711 1281 844 1336 nostras
864 1271 964 1336 titulo
985 1273 1105 1354 dignas
1118 1291 1191 1333 esse
1205 1269 1359 1354 putastis.

251 1389 309 1453 An
334 1391 467 1474 species
491 1391 557 1455 hoc
580 1413 679 1456 versu
704 1393 796 1457 idem
820 1401 872 1457 est
895 1413 935 1456 ac
960 1391 1066 1475 figura
1089 1388 1265 1475 speciosa?

255 1642 271 1704 s
295 1633 326 1695 6.
352 1632 494 1698 Umbra.

253 1752 389 1817 Nomen
422 1754 560 1818 umbrae
592 1755 684 1819 idem
708 1754 776 1820 lere
801 1755 929 1819 indicat
952 1775 992 1818 ac
1015 1753 1147 1837 species
1170 1761 1205 1817 et
1229 1753 1359 1836 imag0;

208 1873 321 1957 aptius
344 1882 458 1938 autem
482 1883 543 1950 est,
570 1896 638 1959 quo
658 1876 866 1958 significetur
885 1874 994 1939 lorma
1013 1875 1133 1950 inanis,
1146 1894 1249 1957 quam
1263 1872 1359 1936 multi

208 1994 461 2058 arbitrabantur
492 1996 623 2079 antiqui
655 2005 733 2079 post
765 2005 911 2059 mortem
943 1995 1069 2060 habere
1094 1994 1266 2058 homines:
1291 2013 1360 2056 non

209 2115 301 2179 enim
325 2136 443 2180 verum
467 2125 502 2179 et
525 2117 671 2181 solidum
695 2137 829 2201 corpuS,
853 2118 913 2181 sed
937 2118 1088 2200 corporis
1108 2123 1243 2180 tantum
1263 2114 1362 2178 simu-

210 2233 338 2298 lacrum
373 2235 499 2300 habere
536 2238 744 2320 putabantur
780 2239 914 2302 mortui.
950 2237 1027 2320 Quo
1058 2237 1107 2312 fit,
1132 2244 1169 2299 ut
1194 2237 1228 2299 in
1252 2235 1365 2299 latinis

207 2355 314 2419 titulis
336 2357 579 2440 sepulcralibus
603 2366 637 2421 et
662 2359 696 2422 in
719 2358 841 2422 litteris
866 2379 1029 2441 persaepe
1055 2358 1196 2440 legatur,

256 2478 342 2543 Cum
374 2480 545 2543 adiectivo
576 2482 669 2562 quod
701 2488 752 2543 est
785 2480 867 2544 levis
897 2480 1080 2543 coniuncta
1104 2499 1173 2542 vox
1196 2477 1366 2542 invenitur

212 2600 302 2683 apud
329 2599 573 2664 Buechelerum
597 2601 632 2664 in
656 2600 708 2663 his
731 2599 856 2664 titulis:

211 2720 293 2784 Bch.
320 2739 400 2804 394:
493 2721 634 2804 Inplesti
658 2723 714 2806 pia
738 2729 837 2786 vota:
862 2731 1003 2805 peracto
1026 2729 1181 2805 tempore
1206 2720 1296 2783 vitae

491 2841 572 2905 felix
596 2842 722 2925 Elysiis
747 2843 867 2906 merito
892 2842 976 2906 levis
1000 2843 1120 2905 umbra
1144 2840 1294 2904 moraris.

214 2961 255 3024 cs.
280 2961 362 3025 Bch.
389 2979 463 3044 391.
479 2977 507 3044 5,
537 2979 664 3045 1339.2,
695 2963 788 3047 1467.
800 2980 833 3042 4,
862 2965 955 3043 1844.
974 2981 986 3025 1
1004 2958 1038 3044 ²).

258 3081 437 3144 Praeterea

213 3201 294 3264 Bch.
311 3216 391 3284 395:
439 3201 568 3267 Secreti
593 3204 721 3279 Manes,
744 3204 803 3286 qui
827 3224 932 3286 regna
956 3202 1145 3266 Acherusia
1169 3203 1258 3266 Ditis

435 3323 594 3398 incolitis,
611 3344 697 3405 quos
711 3344 816 3406 parva
828 3332 951 3406 petunt
964 3331 1043 3406 post
1056 3321 1184 3386 lumina
1197 3323 1266 3386 vite
1280 3322 1339 3405 (sic
1348 3323 1367 3406 !)

437 3444 579 3526 exiguus
604 3444 687 3506 cinis
711 3452 746 3507 et
769 3443 984 3507 simulacrum
1010 3443 1162 3526 corporis
1185 3444 1316 3506 umbra.

214 3563 248 3626 in
279 3564 373 3626 cuius
404 3565 562 3627 carminis
593 3585 691 3628 versu
723 3565 826 3628 tertio
850 3564 950 3647 plane
976 3563 1189 3647 perspicitur,
1214 3584 1301 3645 quae
1326 3585 1370 3627 ex

214 3682 352 3747 homine
387 3684 466 3748 vivo
502 3692 648 3748 restent:
685 3685 769 3748 cinis
804 3693 839 3747 et
876 3684 1012 3760 umbra;
1044 3692 1196 3747 ceterum
1228 3683 1367 3748 confuse

217 3803 339 3867 dicitur
362 3804 446 3867 cinis
469 3811 587 3887 petere
611 3825 715 3888 regna
740 3804 891 3868 Plutonis
905 3801 938 3888 3).

250 4016 328 4084 1)cl.
348 4017 404 4067 Cic,
423 4017 455 4066 de
475 4016 637 4066 divinatione
657 4016 758 4066 2128:
783 4032 891 4081 quarum
910 4015 1107 4081 perturbatione
1135 4015 1268 4066 mirabiles
1286 4016 1365 4066 inter-

220 4104 281 4154 dum
306 4104 435 4154 exsistunt
459 4103 560 4169 species
585 4104 753 4153 somniorum.
776 4103 882 4153 Livius:
908 4103 1009 4168 species
1029 4110 1055 4152 et
1074 4104 1180 4153 umbrae
1196 4102 1309 4154 insontis
1327 4104 1367 4153 in-

220 4191 342 4256 terempti
361 4191 416 4241 filii.

250 4277 278 4345 2)
296 4277 330 4328 cl.
349 4278 413 4329 Bch.
435 4278 518 4344 1256:
537 4284 563 4328 et
581 4277 650 4345 (uti)
669 4278 772 4343 possint
791 4278 887 4328 nostris
906 4277 1037 4328 Bacchum
1057 4277 1165 4326 miscere
1185 4276 1292 4340 favillis,

516 4364 622 4415 floribus
641 4372 670 4414 ut
688 4364 755 4432 (eti)
773 4371 898 4430 spargant
917 4365 1022 4430 saepius
1042 4365 1133 4414 umbra
1151 4363 1228 4431 (sici)
1246 4363 1340 4415 levem.

223 4459 247 4503 et
266 4452 322 4502 sola
342 4468 392 4502 vox
410 4451 477 4502 levis
496 4452 561 4502 Bch.
583 4451 660 4517 1582.
682 4465 727 4502 10:
747 4467 818 4502 nunc
837 4452 903 4501 levis
921 4451 1009 4516 adque
1028 4466 1088 4501 meo
1107 4451 1181 4501 iaceo
1200 4451 1311 4501 tumulo.

221 4539 254 4590 cl.
282 4538 459 4590 Cholodnialr.
489 4537 594 4604 1133g:
623 4546 728 4604 ereptus
756 4538 810 4589 illis
839 4539 964 4589 adleves
991 4540 1096 4588 umbras
1116 4554 1207 4605 vagor,
1227 4544 1253 4587 et
1274 4537 1340 4604 1185
1346 4556 1373 4604 g.

222 4627 314 4676 Horat.
333 4625 385 4675 od.
405 4625 527 4677 1.10.18
545 4625 578 4674 de
598 4625 743 4675 Mercurio:
763 4632 791 4675 tu
810 4626 883 4691 virga
900 4625 986 4676 levem
1006 4629 1111 4675 coerces
1130 4640 1207 4674 aurea
1226 4626 1334 4675 turbam.

252 4711 280 4779 3)
299 4712 332 4764 cf.
352 4711 431 4762 Ovid.
450 4713 556 4762 Metam.
577 4711 602 4762 8.
612 4712 679 4777 496:
700 4728 747 4762 vos
756 4712 823 4761 cinis
834 4713 943 4777 exiguus
954 4711 1109 4779 gelidaeque
1120 4712 1238 4762 iacebitis
1248 4712 1371 4769 umbrae?

223 4800 251 4849 in
270 4815 323 4866 quo
342 4799 457 4850 eiusdem
475 4800 579 4864 generis
597 4800 666 4851 inest
684 4800 777 4850 vitium
794 4807 840 4850 aut
855 4816 902 4866 per
919 4797 1022 4864 ζεῦγμα
1040 4799 1208 4866 intellegatur
1223 4816 1321 4854 versus..
