3134 5476
761 371 823 421 110

207 539 349 624 sumeris
370 538 493 603 honore
507 536 529 620 ¹)
553 556 631 600 eum
653 536 768 613 afficit,
792 547 1034 601 monumentum
1054 534 1208 610 exstruit,
1229 532 1362 598 titulum

213 658 377 723 inscribit.
402 658 558 722 Mortuus
581 657 683 732 enim,
704 665 742 720 ut
760 657 872 722 solent
890 656 1115 740 interpretari,
1136 664 1210 720 tum
1224 654 1363 719 demum

213 779 367 863 quiescit,
391 798 468 842 cum
486 775 619 841 tumulo
637 776 726 841 iacet
745 777 903 841 conditus
916 773 951 860 ²).
973 776 1237 841 Monumentum
1249 783 1364 838 autem

211 919 251 964 ac
275 899 392 964 titulus
416 919 541 963 nomen
564 897 657 980 apud
678 904 833 980 posteros
852 904 990 961 servant
1009 903 1203 978 augentque
1225 893 1363 958 samam.

212 1020 294 1085 Bch.
312 1038 413 1105 1009:
438 1019 579 1084 Liberta
602 1017 662 1082 hoc
685 1017 780 1082 titulo
800 1025 982 1100 patronum
1003 1016 1141 1100 pietatis
1160 1015 1366 1080 honorat-

479 1137 642 1222 quicquid
667 1138 702 1200 id
727 1146 788 1214 est,
809 1149 951 1222 gratum
974 1136 1134 1201 Manibus
1156 1135 1358 1220 officium-

437 1279 504 1323 non
530 1259 619 1322 iussa
643 1265 760 1321 tamen
785 1277 849 1321 nec
873 1277 959 1320 voce
983 1264 1113 1340 rogata.

215 1378 297 1443 Bch.
335 1391 415 1461 525:
441 1377 503 1442 hos
526 1397 644 1442 versus
663 1377 735 1451 tibi,
757 1386 885 1453 sancte,
906 1396 1024 1459 nepos,
1038 1375 1215 1458 victorque
1229 1374 1366 1451 devovi,

438 1518 577 1562 munera
600 1518 687 1581 quos
711 1498 784 1561 misi
809 1505 869 1560 tuo
893 1516 971 1560 nam
996 1495 1196 1579 tumuloque
1219 1495 1343 1559 dicavi.

215 1620 297 1685 Bch.
335 1633 416 1703 572:
440 1628 475 1683 et
498 1639 572 1682 sum
598 1627 675 1701 post
700 1618 832 1682 obitum
856 1616 946 1694 felix,
973 1617 1025 1680 cui
1050 1617 1118 1681 cari
1142 1614 1276 1681 sodales

437 1739 502 1804 hoc
527 1739 623 1805 titulo
647 1738 795 1803 fixerunt
819 1758 944 1803 nomen
968 1746 1155 1802 aeternum.

215 1859 297 1925 Bch.
316 1876 418 1944 1429:
442 1858 576 1941 suscipe
601 1866 811 1941 quapropter
834 1877 971 1921 carmen
996 1855 1098 1921 ferale
1123 1856 1247 1933 Boniti,

437 1980 530 2062 quod
556 1979 638 2043 mihi
659 1976 844 2043 luctificum
864 1988 926 2055 est,
947 1979 1007 2042 sed
1027 1977 1090 2042 tibi
1103 1977 1202 2042 dulce
1214 1977 1316 2040 nimis
1330 1973 1366 2060 ³).

216 2110 394 2184 praeterea
428 2100 509 2163 Βοὴ.
548 2101 622 2182 583,
656 2100 729 2180 588,
764 2113 825 2183 592
860 2098 913 2182 (cf.
949 2114 1022 2183 593,
1056 2098 1141 2182 594),
1169 2098 1243 2182 596,
1272 2114 1367 2173 1100,

221 2240 315 2302 1141,
345 2238 439 2304 1301,
469 2221 563 2302 1584,
593 2220 686 2302 1833,
711 2217 777 2282 alia
800 2218 917 2283 multa.

216 2341 297 2406 Βοὴ.
333 2342 393 2406 681
417 2340 584 2422 funusque
608 2339 742 2404 ornavit
766 2338 881 2423 pulcre
906 2340 1083 2403 decessum
1107 2338 1236 2415 dolens,

418 2459 560 2524 honeste
585 2460 650 2523 hoc
674 2458 782 2524 voluit
805 2473 1009 2525 monumento
1032 2458 1225 2523 ambustam
1248 2459 1330 2541 tegi.

418 2588 453 2644 et
477 2580 569 2662 quod
595 2581 711 2663 rogavi
735 2587 773 2643 ut
796 2579 923 2645 faceret
947 2587 1205 2644 monumentum
1231 2579 1326 2656 mihi,

416 2701 464 2763 sic
489 2700 670 2782 impetravi
692 2699 727 2763 id
751 2699 796 2763 ab
820 2721 872 2777 eo,
896 2699 999 2764 laudo
1023 2699 1311 2764 benevolentiam.

215 2820 297 2885 Βοὴ.
313 2835 393 2902 5311
411 2820 553 2904 funeris
575 2820 712 2901 exequia
734 2819 843 2883 infilix
868 2819 927 2903 (sic
937 2820 957 2903 1)
982 2818 1130 2883 fraterna
1153 2817 1310 2902 replevit,

413 2941 471 3023 qui
495 2940 615 3003 statuit
638 2938 805 3003 tumulum
829 2938 936 3002 titulis
958 2947 994 3002 et
1017 2938 1087 3003 sata
1111 2939 1256 3004 notavit.

213 3070 388 3146 praeterea
413 3060 494 3124 Bch·
517 3073 594 3141 405,
622 3072 696 3139 500,
723 3072 797 3143 517,
820 3060 893 3140 518,
919 3059 991 3141 526,
1015 3072 1088 3142 543,
1113 3074 1185 3142 5442
1202 3074 1366 3145 5791597,

212 3183 288 3266 654,
315 3198 390 3265 739,
415 3181 490 3255 802,
517 3179 583 3243 alia
607 3178 724 3243 multa.

216 3301 523 3368 Conferantuer.
538 3317 620 3382 313:
805 3298 958 3363 τεννῶνννν
983 3297 1123 3378 ἕτείμενν
1145 3298 1339 3380 ἕντννφίονσνν

507 3419 560 3484 nal
586 3417 709 3496 τύμβον
733 3417 865 3500 νρνὶψννν
887 3418 1086 3499 μνημοσύνης
1109 3416 1221 3486 ἕνεκεν.
1235 3422 1278 3486 cs.
1293 3437 1366 3504 235.

219 3546 263 3609 Α.
272 3545 308 3608 Ρ.
322 3543 391 3608 VII
406 3559 488 3626 300:
511 3547 623 3619 μνῆμνν
633 3540 910 3623 δ’νὲποφθνμένννσι
924 3542 1029 3624 πατὴρ
1043 3539 1248 3623 Μενάρνστος
1263 3541 1367 3618 ἔθηκεν

597 3660 753 3727 ἀθάνατον
777 3663 893 3737 θνητοῖς
918 3661 1009 3727 merul
1031 3661 1248 3746 χαριζόμενος.

219 3771 407 3785 -ι--

247 3822 273 3884 1)
297 3817 330 3867 cf.
356 3820 437 3884 Verg.
463 3819 530 3869 Aen.
550 3819 574 3869 6.
587 3831 653 3884 333:
671 3820 761 3870 mortis
779 3820 879 3870 honore
898 3827 1024 3871 carentes.
1044 3821 1112 3870 Ibid.
1135 3833 1177 3887 10,
1193 3831 1263 3884 493:
1281 3821 1366 3871 honos

212 3905 314 3971 tumuli,
336 3917 376 3955 11.
387 3917 429 3969 23.
447 3905 556 3973 Sufficit,
575 3907 597 3957 si
616 3907 653 3957 ita
671 3907 721 3957 fert
739 3907 890 3973 necessitas,
906 3923 961 3956 non
974 3907 1084 3957 multum
1100 3907 1216 3973 pulveris
1231 3908 1367 3959 inhumato

218 3992 323 4057 corpori
350 3992 450 4058 iniecti,
477 3993 511 4043 ci.
530 3995 623 4045 Horat.
643 3994 694 4044 Od.
716 4007 737 4043 1.
749 3992 791 4043 28.
803 4004 851 4059 351
870 3994 962 4043 licebit
979 3994 1077 4044 iniecto
1096 4001 1136 4044 ter
1154 3994 1263 4061 pulvere
1283 4011 1368 4046 curras

216 4076 269 4144 (ter
287 4094 319 4128 ex
337 4079 416 4128 solito
434 4095 542 4130 numero
562 4081 648 4149 sacro)
667 4088 694 4131 et
713 4081 824 4144 Quintil.
841 4082 917 4131 Decl.
929 4089 953 4144 5.
964 4075 1068 4131 dzhine
1078 4088 1105 4132 et
1113 4082 1160 4132 ille
1170 4083 1243 4133 venit
1252 4083 1368 4149 affectus,

218 4165 290 4230 quod
307 4165 406 4231 ignotis
424 4166 594 4217 cadaveribus
613 4169 720 4217 humum
736 4168 910 4234 congerimus,
919 4174 945 4217 et
955 4168 1117 4234 insepultum
1126 4169 1264 4235 quodlibet
1273 4185 1369 4234 corpus

220 4253 293 4302 nulla
321 4252 454 4303 festinatio
482 4260 536 4303 tam
563 4256 654 4320 rapida
682 4256 841 4322 transcurrit,
860 4264 889 4306 ut
907 4271 962 4305 non
981 4257 1213 4322 quantulocunque
1231 4264 1369 4308 veneretur

219 4345 335 4404 aggestu.
355 4339 480 4404 Sophocl.
500 4340 592 4406 Antig.
611 4340 673 4407 246,
692 4341 751 4406 256.

252 4426 280 4493 2)
308 4425 341 4475 cf.
369 4425 433 4476 Bch.
459 4435 524 4490 5411
549 4427 592 4476 hic
617 4443 666 4493 ego
691 4428 809 4493 sepultus
828 4429 900 4478 iaceo
919 4429 1091 4496 placidusque
1111 4430 1227 4495 quiesco,
1246 4436 1272 4479 et
1290 4432 1369 4496 Verg.

222 4512 289 4561 Aen.
315 4512 340 4562 6.
351 4521 402 4576 325
422 4527 482 4576 sqq.
500 4510 580 4578 (quos
598 4515 670 4564 vehit
689 4514 803 4581 Charon,
823 4515 921 4581 sepulti
939 4523 1008 4566 sunt.
1028 4518 1083 4566 Nec
1103 4517 1177 4566 datur
1196 4516 1269 4582 prius
1287 4523 1369 4568 trans·

220 4605 324 4664 portare
343 4613 422 4663 quam
441 4598 548 4650 sedibus
567 4616 626 4651 ossa
646 4602 790 4669 quierunt).

250 4686 279 4753 3)
306 4687 414 4752 Legitur
441 4701 545 4736 carmen
573 4688 644 4752 apud
670 4689 794 4738 Rossium
819 4687 914 4756 (Inscr.
943 4689 1039 4739 Christ
1066 4688 1164 4757 Rom),
1181 4689 1210 4739 in
1229 4705 1284 4754 quo
1302 4691 1370 4740 nihil

221 4773 392 4824 christianum
411 4772 483 4823 videt
501 4773 675 4825 Buechelerus
694 4792 781 4841 neque
800 4792 858 4842 ego.
