3134 5476
743 399 786 448 20

187 562 269 626 Bch.
300 565 400 649 1829:
424 564 556 649 fugiens
580 567 761 650 tristesque
785 565 930 630 labores.

233 683 344 767 Quam
376 687 582 752 sententiam
613 687 752 752 mutatis
775 687 889 751 verbis
912 686 947 749 in
972 684 1023 748 his
1046 684 1153 749 titulis
1176 685 1343 768 scriptam

187 803 348 887 legimus:

188 924 269 988 Bch.
294 942 368 1011 97.5
387 924 427 1012 ¹):
474 948 591 992 verum
616 936 760 992 vexatus
783 928 887 992 animi
912 927 999 991 curis
1023 925 1142 1002 anxiis,

477 1068 546 1113 non
571 1048 669 1113 nullis
693 1048 797 1112 etiam
821 1048 973 1131 corporis
996 1046 1181 1123 doloribus,

477 1177 658 1253 utrumque
687 1177 724 1232 ut
747 1177 837 1233 esset
860 1169 1051 1232 taediosum
1075 1167 1163 1231 ultra
1186 1165 1341 1244 modum,

476 1297 631 1374 optatam
656 1297 803 1354 mortem
826 1310 901 1353 sum
925 1289 1065 1373 potitus.
1090 1309 1131 1352 ea
1154 1286 1235 1351 mihi

475 1431 536 1474 suo
561 1411 604 1474 de
629 1430 723 1473 more
748 1417 871 1474 cuncta
895 1410 955 1473 dat
978 1409 1157 1473 levamina.

188 1529 269 1593 Bch.
299 1546 400 1615 1274:
471 1530 670 1595 Morborum
695 1529 778 1593 vitia
801 1537 836 1593 et
861 1529 951 1592 vitae
972 1528 1059 1592 mala
1080 1528 1229 1591 maxima
1249 1525 1338 1610 lugi:

522 1671 612 1715 nunc
636 1670 736 1714 careo
759 1651 889 1734 poenis,
914 1669 998 1733 pace
1022 1648 1113 1712 fruor
1137 1648 1280 1732 placida.

187 1770 269 1834 Bch.
294 1788 411 1854 1339.9
422 1767 460 1855 ²):
475 1771 658 1835 multorum
671 1771 835 1834 invidiam
844 1771 984 1834 tandem
995 1771 1142 1833 caruisse
1152 1777 1337 1833 memento.

187 1891 269 1955 Bch.
298 1909 431 1974 1341.4:
467 1901 580 1976 teque,
613 1893 743 1976 optima
769 1899 888 1969 mater,
913 1899 994 1975 peto
1018 1899 1173 1974 ereptum
1196 1899 1292 1956 totve
1302 1888 1338 1975 (l)

963 2008 1074 2098 [malis
1098 2031 1141 2074 ne
1165 2010 1292 2075 doleas

185 2131 267 2195 Bch.
296 2148 396 2216 1247:
444 2130 1336 2216 Quodsuperesthomini,requiescuntdulciterossa,

487 2273 549 2316 nec
573 2273 648 2316 sum
672 2251 836 2316 sollicitus
860 2272 902 2315 ne
926 2252 1040 2315 subito
1065 2253 1220 2328 esuriam,
1246 2259 1313 2315 etc.

187 2372 269 2436 Bch.
299 2389 398 2456 1091:
446 2371 618 2455 Quaerere
642 2373 771 2437 cessavi
796 2392 970 2456 nunquam
991 2393 1069 2456 neq.
1090 2372 1233 2456 perdere
1254 2372 1336 2447 desi,

489 2514 580 2557 mors
603 2494 798 2570 intervenit,
823 2514 912 2557 nunc
936 2493 980 2557 ab
1005 2501 1149 2576 utroque
1175 2512 1270 2556 vaco.

187 2612 282 2696 Quae
307 2615 412 2679 verba
435 2613 556 2678 iisdem
581 2612 650 2677 fere
675 2614 828 2678 versibus
841 2621 1016 2677 recurrunt
1029 2612 1111 2676 Bch.
1130 2628 1222 2695 1092,
1242 2629 1336 2696 1093,

192 2752 284 2819 1094,
315 2750 396 2819 1095
414 2731 448 2818 ³)-

232 2974 404 3059 Antiquos
428 2983 463 3038 et
488 2975 636 3039 Graecos
655 2982 690 3037 et
712 2973 886 3037 Romanos
903 2973 994 3036 vitae
1015 2972 1183 3037 humanae
1195 2972 1339 3037 miseriis

186 3095 354 3178 variisque
379 3094 534 3159 fortunae
557 3094 691 3158 casibus
715 3095 837 3158 acriter
860 3093 1080 3170 commoveri,
1105 3093 1180 3175 quis
1204 3101 1256 3156 est
1280 3093 1338 3175 qui

186 3212 337 3297 ignoret?
368 3212 435 3296 Qui
466 3235 554 3296 quae
585 3222 664 3278 sunt
695 3215 786 3278 vitae
819 3213 994 3277 molestiae
1018 3234 1058 3278 ac
1081 3213 1338 3291 sollicitudines,

186 3355 286 3417 aegre
320 3354 455 3418 semper
490 3334 645 3399 ferebant
676 3355 739 3399 nec
771 3354 840 3398 non
863 3335 1094 3419 querebantur
1117 3335 1259 3399 deorum
1283 3334 1339 3398 vel

186 3453 341 3519 fortunae
365 3455 494 3519 invidia
513 3455 585 3519 fieri
606 3465 643 3520 ut
663 3456 858 3520 hominibus
877 3464 936 3519 aut
955 3476 1024 3519 non
1045 3456 1182 3519 daretur
1194 3454 1338 3518 feliciter

187 3577 300 3639 vivere
325 3584 383 3639 aut
407 3576 502 3640 brevi
526 3575 773 3640 detraheretur.

229 3694 324 3759 Audi
348 3694 558 3771 Ciceronem,
584 3695 692 3759 virum
716 3695 1041 3780 eloquentissimum,
1066 3696 1100 3759 in
1123 3696 1224 3759 Tusc.
1248 3695 1335 3779 disp.

185 3814 243 3879 lib.
277 3815 310 3879 V
342 3815 390 3878 ita
420 3815 670 3899 disputantem:
706 3814 809 3898 ,Quis
840 3817 930 3880 enim
961 3824 1076 3900 potest
1107 3825 1253 3881 mortem
1277 3826 1337 3881 aut

186 3935 340 3999 dolorem
372 3943 536 4013 metuens
568 3955 713 4019 quorum
743 3936 886 4000 alterurn
918 3957 1020 4021 saepe
1052 3937 1160 4014 adest,
1192 3937 1336 4001 alterum

189 4073 343 4139 „semper
378 4055 565 4139 impendet,
597 4076 670 4120 esse
702 4076 771 4120 non
804 4055 925 4120 miser?
950 4055 1052 4139 Quid,
1077 4057 1104 4121 si
1128 4057 1220 4121 idem
1244 4059 1336 4141 quod

222 4271 248 4339 1)
266 4273 299 4323 cf.
319 4273 416 4324 Plessis
434 4272 478 4324 l.l.
498 4290 525 4340 p.
547 4287 605 4325 112.

217 4364 245 4422 2)
263 4361 294 4409 In
312 4361 363 4412 hoc
382 4360 495 4411 carmine
505 4377 537 4410 ex
545 4360 649 4411 duobus
659 4361 773 4411 conflato
782 4362 877 4411 mirum
886 4362 913 4412 in
924 4361 1031 4412 modum
1040 4361 1122 4412 multa
1132 4362 1337 4413 confunduntur.

218 4446 246 4514 3)
264 4448 298 4498 cf.
316 4449 379 4500 Bch.
402 4457 483 4513 1015:
503 4449 601 4498 Debita
620 4448 728 4499 libertas
746 4448 837 4498 iuveni
856 4449 920 4499 mihi
938 4448 998 4515 lege
1016 4459 1111 4515 negata

500 4542 583 4586 morte
601 4536 738 4586 immatura
757 4535 860 4586 reddita
878 4542 1006 4602 perpetua
1023 4544 1072 4587 est.

288 4622 351 4673 Bch.
374 4633 482 4687 1331.4:
501 4637 570 4672 mors
588 4622 670 4672 vitam
688 4622 760 4688 vicit,
780 4637 814 4672 ne
831 4622 980 4673 libertatem
999 4630 1109 4674 teneres.

501 4725 571 4759 nunc
589 4724 658 4759 mors
678 4708 858 4777 perpetua(m)
876 4710 1025 4761 libertatem
1044 4710 1125 4760 dedit.

216 4791 264 4846 Est
283 4795 363 4862 igitur
381 4812 450 4847 mors
469 4812 536 4863 quae
554 4796 688 4848 servitutis
709 4796 812 4848 vincula
833 4796 921 4847 solvit.
941 4797 975 4848 cf.
994 4798 1027 4847 A.
1038 4797 1067 4848 P.
1087 4797 1138 4846 VH
1157 4806 1218 4863 553.
