3134 5476
718 407 733 474 5

152 578 214 641 viri
251 578 343 641 docti
356 575 397 661 1);
435 597 521 660 quos
555 576 669 640 nescio
702 597 769 660 qua
801 576 974 640 iudicandi
1006 575 1147 639 levitate
1181 576 1303 639 ductos

150 698 280 763 litteras
303 706 437 762 tantum
457 698 715 772 examinavisse,
735 705 958 760 monumenta
978 704 1092 760 autem
1113 693 1302 778 neglexisse

151 820 341 903 putandum
375 827 436 882 est.
474 818 523 882 At
559 818 689 901 optime
724 817 826 880 docet
861 816 1085 881 Friedlander
1119 815 1221 899 (quae
1257 815 1301 878 ad

151 949 302 1004 nostram
328 960 465 1023 quoque
490 959 561 1002 rem
586 938 791 1022 pertinent):
816 938 906 1019 ,Fiir
926 938 980 1001 die
1001 937 1226 1001 Erkenntniss
1243 938 1304 1001 der

153 1060 352 1143 ,religiosen
378 1060 550 1125 Zustiinde
572 1059 632 1122 der
652 1059 792 1122 antiken
813 1057 907 1122 Welt
927 1059 961 1122 in
982 1058 1049 1122 den
1071 1066 1183 1121 ersten
1201 1057 1302 1121 nach-

153 1180 390 1263 ,christlichen
413 1179 687 1263 Jahrhunderten
711 1179 863 1244 besitzen
889 1179 948 1241 wir
968 1179 1050 1242 zwei
1070 1177 1215 1261 Quellen
1236 1200 1304 1243 von
1327 1219 1329 1224 -

154 1301 250 1383 „sehr
281 1300 551 1377 verschiedener,
584 1299 728 1364 vielsach
753 1321 853 1383 sogar
877 1307 1219 1383 entgegengesetzter
1243 1301 1305 1364 Be·

155 1421 414 1503 ,schaffenheit;
448 1421 503 1484 die
535 1422 611 1485 eine
643 1422 677 1484 in
709 1421 770 1485 der
803 1421 1001 1498 Litteratur,
1033 1421 1088 1484 die
1119 1422 1245 1485 andere
1269 1423 1303 1485 in

154 1541 240 1623 ,den
273 1540 518 1617 Denkmalern,
542 1540 750 1605 namentlich
776 1540 1080 1604 Inschriltsteinen.
1105 1541 1170 1604 Die
1196 1542 1304 1605 Litte-

152 1669 263 1744 „ratur
301 1663 344 1726 ist
386 1662 603 1745 vorwiegend
636 1683 695 1725 aus
727 1662 870 1725 Kreisen
901 1661 1214 1745 hervorgegangen,
1248 1661 1303 1724 die

154 1781 273 1864 ,theils
305 1804 372 1846 von
406 1782 612 1866 Unglauben
645 1783 714 1846 und
747 1783 951 1847 Indifserenz
983 1782 1140 1865 ergriffen
1171 1803 1300 1860 waren,

153 1900 273 1983 ,theils
304 1901 410 1966 durch
444 1901 623 1967 Reflexion
655 1903 725 1967 und
756 1904 919 1985 Deutung
951 1903 1017 1966 den
1042 1902 1299 1985 Volksglauben

154 2042 212 2102 ,zu
243 2023 481 2105 vergeistigen,
513 2045 554 2086 zu
578 2022 710 2087 lautern
733 2024 804 2087 und
829 2023 1099 2106 umzugestalten
1124 2023 1300 2087 strebten”

149 2150 183 2204 et
207 2143 348 2206 deinde:
378 2164 456 2224 ,aus
481 2143 548 2207 den
573 2143 805 2208 Denlrmiilern
831 2143 936 2227 (weht
956 2128 1033 2227 uns)
1053 2144 1107 2206 ein
1129 2143 1225 2208 Geist
1242 2143 1303 2206 des

154 2263 347 2345 ,Glaubens
377 2284 431 2333 an,
456 2263 517 2326 der
541 2263 630 2327 allen
654 2263 894 2327 zersttirenden
920 2263 1111 2327 Einfliissen
1135 2263 1301 2346 Jahrhun·

156 2384 271 2466 ,derte
294 2382 375 2466 lang
398 2383 619 2447 Widerstand
645 2405 685 2446 zu
709 2382 830 2447 leisten
855 2383 1120 2468 vermochte’'²).

196 2504 264 2567 Res
295 2504 397 2588 igitur
429 2506 476 2568 ita
507 2525 543 2567 se
570 2503 697 2568 habere
720 2504 872 2567 videtur:
898 2512 1198 2569 monumentorum
1223 2526 1301 2587 pars

151 2624 257 2688 maior
288 2633 323 2688 et
354 2624 497 2700 litterae,
527 2625 554 2688 si
586 2623 767 2706 diligenter
790 2622 960 2700 limantur,
985 2624 1076 2707 vulgi
1101 2626 1298 2708 opinionem

149 2744 290 2808 deorum
300 2741 327 2829 3)
346 2753 381 2807 et
394 2765 505 2808 rerum
519 2752 596 2828 post
609 2752 756 2808 mortem
769 2743 956 2820 futurarum
968 2753 1134 2809 mutatam
1148 2746 1298 2829 quidem,

150 2885 322 2948 nunquam
341 2864 411 2929 sere
431 2866 635 2930 diminutam
655 2885 729 2927 esse
750 2865 890 2941 docent;
913 2865 975 2928 viri
996 2872 1110 2928 autem
1126 2866 1298 2930 doctiores

148 2985 430 3069 philosophorum
451 2985 690 3049 nonnullorum
712 2986 860 3049 inventis
879 2985 1001 3049 imbuti
1022 2984 1120 3049 multi
1141 3008 1161 3050 a
1181 2994 1297 3050 vetere

113 3101 117 3107 ’
149 3107 303 3170 doctrina
324 3106 461 3170 alienati
481 3115 576 3184 sunt;
598 3107 638 3169 iis
658 3115 773 3170 autem
788 3106 1010 3189 temporibus,
1024 3107 1147 3190 quibus
1160 3096 1298 3172 Christi·

147 3247 288 3291 anorum
326 3228 482 3292 doctrina
518 3227 684 3310 divulgari
720 3234 843 3310 coepta
878 3235 968 3302 erat,
1004 3228 1127 3291 eruditi
1162 3249 1300 3311 quoque

148 3347 385 3430 propensiores
408 3346 543 3412 fuerunt
567 3348 609 3411 ad
636 3367 747 3442 rerum
772 3347 963 3410 divinarum
988 3346 1102 3410 fidem.
1128 3346 1229 3429 Quod
1251 3349 1300 3412 ita

89 3497 91 3504 ¹
148 3468 364 3552 intellegatur
397 3470 514 3545 velim,
548 3477 585 3533 ut
617 3490 685 3532 non
718 3470 833 3532 omnia
865 3469 1067 3551 probarent,
1100 3489 1187 3552 quae
1221 3477 1299 3553 post

150 3598 295 3654 mortem
315 3611 388 3654 esse
411 3591 531 3674 vulgus
543 3590 716 3665 credebat,
731 3590 791 3652 sed
805 3597 841 3652 ut
854 3586 1150 3653 immortalitatem
1161 3590 1301 3654 minime

152 3711 395 3794 improbarent.

192 3829 266 3911 Jam
299 3830 481 3913 quaeritur,
513 3830 636 3914 quibus
666 3829 817 3894 sontibus
841 3831 892 3893 usi
916 3829 985 3893 sint
1007 3830 1039 3904 ii,
1065 3831 1122 3912 qui
1147 3829 1297 3893 carmina

148 3948 361 4032 sepulcralia.
386 3951 450 4033 ipsi
485 3959 767 4033 composuerunt;
805 3971 863 4014 eos
898 3952 990 4013 enim
1026 3971 1144 4013 omnes
1180 3950 1296 4014 divino

147 4070 296 4152 quodam
320 4071 439 4153 spiritu
464 4068 600 4133 inflatos
623 4069 749 4133 fudisse
774 4091 890 4133 versus
914 4089 983 4133 non
1007 4077 1059 4132 est
1084 4070 1154 4132 veri
1178 4069 1298 4145 simile,

153 4267 348 4277 ———-

186 4376 211 4444 1)
236 4377 269 4426 cf.
294 4375 465 4426 Friedlitnder
483 4376 530 4426 1.1.
549 4392 612 4441 pgg.
632 4386 693 4442 512,
713 4385 773 4441 520.
793 4376 895 4426 Gaston
913 4376 1036 4426 Boissier.
1055 4377 1094 4424 La
1112 4374 1224 4440 religion
1243 4376 1298 4424 Ro-

146 4463 231 4512 maine
257 4462 404 4527 d'Auguste
429 4478 479 4512 aux
504 4462 639 4513 Antonius
657 4462 752 4530 (1874)
771 4465 784 4512 I
803 4463 836 4527 67
857 4478 918 4528 sqq.
937 4459 1041 4512 Luc‘ret.
1061 4461 1296 4526 11148-59.Ju·

147 4564 206 4599 ven.
226 4548 251 4598 6.
270 4561 331 4612 432.

181 4634 210 4702 2)
234 4635 267 4684 cf.
294 4634 466 4684 Friedliinder
490 4635 537 4685 1.1.
556 4651 584 4700 p.
604 4645 655 4700 509
673 4635 742 4704 (Der
761 4634 964 4702 Giitterglaube)
983 4642 1009 4684 et
1028 4635 1105 4684 huius
1123 4634 1185 4685 libri
1204 4635 1294 4700 cap.I

147 4737 207 4786 pars
224 4722 245 4771 1.

183 4806 212 4874 3)
229 4807 263 4858 cs.
283 4809 349 4859 Acta
368 4809 462 4877 Apost.
484 4821 525 4876 14,
547 4808 658 4860 11-18.
