3134 5476
680 401 719 466 16

123 587 239 672 etqui
264 607 380 653 versus
403 586 592 651 identidem
616 589 765 662 recurrit,
791 587 873 651 Bch.
897 586 974 662 608,
997 585 1073 668 649,
1097 583 1174 660 682,
1194 581 1271 665 695,

122 711 198 792 732',
224 709 298 790 813,
328 723 412 792 1574
424 704 463 791 ¹):
483 706 623 791 apstulit
643 716 717 772 atra
737 707 810 770 dies
830 715 865 771 et
877 726 1001 771 acervo
1014 704 1131 769 funere
1144 703 1270 768 mersit.

166 1099 226 1160 sa.
258 1086 339 1152 Alia
376 1096 455 1152 sunt
492 1089 641 1154 carmina
680 1110 720 1154 ea
757 1089 880 1173 quibus
913 1088 1001 1152 sitne
1032 1085 1160 1169 aliquid
1191 1089 1271 1168 post

121 1215 267 1272 mortem
287 1209 414 1290 quidve
434 1209 581 1273 hominis
602 1211 726 1274 mortui
746 1209 902 1294 supersit,
924 1207 1015 1273 nulla
1034 1207 1073 1270 fit
1093 1205 1222 1269 mentio
1232 1200 1270 1287 ²);

121 1347 208 1411 quae
239 1347 322 1393 vero
354 1330 480 1394 docent
512 1328 682 1394 fortunam
715 1329 868 1394 fallacem
897 1329 1095 1411 neutiquam
1121 1326 1271 1390 cruciare

122 1456 274 1512 mortuos
298 1470 425 1533 eosque
448 1470 509 1533 spe
533 1451 624 1515 inani
644 1471 684 1515 ac
704 1449 787 1515 falsa
807 1471 875 1514 non
895 1449 1040 1533 amplius
1060 1448 1138 1512 duci
1159 1466 1271 1528 neque

122 1571 379 1653 exspectatione
403 1572 554 1653 torqueri
564 1568 600 1656 3).

122 1691 203 1756 Bch.
228 1693 344 1776 409.8:
391 1699 547 1768 actumst,
572 1692 713 1767 excessi,
737 1690 824 1774 Spes
847 1699 882 1755 et
906 1690 1059 1754 Fortuna
1083 1687 1205 1764 valete,

396 1811 442 1875 nil
466 1812 532 1875 iam
557 1810 633 1895 plus
657 1813 690 1875 in
716 1832 770 1874 me
795 1811 893 1875 vobis
917 1831 977 1894 per
1000 1809 1112 1873 saecla
1134 1807 1263 1872 licebit.

122 1931 203 1996 Bch.
232 1945 367 2012 500.12:
393 1927 1271 2016 contegitossalapis.benehabet.Fortunavalebis.

123 2051 205 2115 Bch.
235 2051 334 2135 1498:
395 2051 497 2115 Evasi
521 2052 633 2135 effugi.
658 2051 745 2136 Spes
768 2060 804 2116 et
828 2052 982 2115 Fortuna
1005 2050 1128 2125 valete,

397 2171 443 2235 nil
467 2171 549 2235 mihi
573 2172 750 2244 vobiscum
774 2180 835 2249 est,
860 2171 1033 2235 ludificate
1057 2169 1151 2234 alios.

123 2291 205 2356 Βοὴ.
229 2309 368 2375 43413:
394 2291 495 2375 effugi
519 2293 686 2356 tumidam
711 2292 827 2358 vitam.
851 2311 939 2376 spes,
964 2289 1074 2354 forma
1098 2289 1225 2355 valete:

398 2411 443 2476 nil
468 2412 549 2476 mihi
570 2412 747 2486 vobiscum
759 2420 821 2490 est,
834 2411 919 2476 alios
931 2410 1083 2475 deludite
1096 2428 1223 2493 quaeso
1233 2403 1272 2491 ⁴).

123 2531 344 2614 Epigramma
366 2552 526 2614 graecum
548 2531 594 2596 A.
608 2533 643 2597 P.
669 2533 719 2597 IX
742 2551 786 2617 49
811 2540 935 2616 poetae
954 2530 1056 2595 fuisse
1076 2529 1274 2612 exemplum

163 2747 189 2814 1)
207 2746 240 2796 ci.
259 2746 386 2812 Forbiger
400 2745 435 2796 ad
457 2746 525 2795 Aen.
544 2746 569 2796 6.
587 2759 650 2810 429.
671 2746 799 2811 Exempla
814 2746 947 2812 congessit
962 2745 1072 2796 Rossius
1088 2744 1165 2794 inser.
1180 2742 1271 2793 christ.

122 2833 315 2897 Rsspffi

159 2916 188 2987 2)
207 2919 281 2982 Quae
306 2921 427 2970 observat
454 2919 614 2970 ADieterich
631 2918 755 2986 (Nekyia.
775 2921 896 2985 Beitra'ge
914 2936 958 2970 zur
976 2919 1125 2982 Erklarung
1143 2918 1189 2967 der
1207 2932 1271 2966 neu-

123 3006 280 3056 entdeckten
305 3005 555 3071 Petrusapocalypse
581 3023 608 3072 p.
636 3006 712 3074 136):
739 3007 828 3073 ,Frnh
852 3008 952 3056 kommt
977 3022 1005 3056 es
1031 3007 1112 3056 schon
1137 3019 1192 3069 vor,
1210 3003 1271 3052 dass

121 3109 182 3143 man
208 3093 323 3158 geliebte
347 3093 494 3143 Menschen
520 3093 556 3143 im
581 3093 672 3143 Hades
697 3094 904 3144 wiederzusehen
928 3093 1004 3160 hofft,
1021 3092 1077 3142 und
1095 3091 1202 3142 solchen
1222 3089 1274 3139 Ge-

125 3181 229 3231 danken
252 3180 434 3246 widerspricht
459 3197 486 3231 es
510 3181 637 3230 durchaus
662 3181 745 3248 nicht,
764 3197 840 3231 wenn
859 3187 949 3246 gesagt
968 3180 1042 3246 wird,
1061 3180 1120 3229 dass
1139 3177 1185 3227 der
1203 3178 1272 3229 Tote

127 3284 182 3317 nun
201 3267 299 3317 keiuen
318 3267 439 3317 Schmerz
457 3267 530 3317 mehr
542 3267 627 3334 laide,
646 3268 733 3318 nichts
750 3269 824 3317 mehr
841 3268 923 3334 fuhle,
942 3267 1107 3332 allgemeine,
1126 3264 1272 3315 natiirliche

125 3353 280 3419 Gedanken,
298 3353 341 3403 die
360 3354 488 3403 durchaus
507 3353 582 3405 nicht
600 3370 680 3419 sagen
699 3355 894 3421 wollten,.dass
913 3355 960 3404 mit
980 3354 1040 3403 dem
1055 3352 1128 3403 Tode
1145 3351 1211 3401 alles
1226 3367 1273 3401 aus

128 3439 193 3490 sei.''
219 3440 315 3505 partim
339 3447 365 3490 et
390 3440 433 3490 hic
452 3441 551 3493 valent.
569 3441 629 3491 Non
647 3442 770 3491 omnibus
788 3442 829 3491 his
848 3441 1006 3491 carminibus
1025 3439 1199 3506 significatum
1217 3453 1274 3488 esse

125 3533 208 3576 morte
227 3542 317 3576 omnes
336 3527 443 3576 omnino
462 3543 617 3578 evanescere
636 3528 687 3577 iam
705 3528 837 3596 conced03
853 3529 1011 3579 sententiam
1026 3542 1087 3577 vero
1103 3541 1160 3576 eam
1176 3526 1204 3574 in
1220 3540 1274 3590 qua

124 3621 197 3663 erant
222 3613 306 3680 multi,
325 3620 354 3662 ut
372 3629 445 3663 curas
467 3622 527 3679 post
546 3620 655 3664 mortem
674 3621 796 3680 putarent
815 3631 919 3681 prorsus
938 3630 1045 3680 cessare,
1064 3614 1126 3664 inde
1145 3627 1273 3678 persaepe

123 3700 252 3764 originem
275 3700 379 3750 duxisse
398 3716 476 3751 nemo
495 3703 610 3766 negabit.
631 3702 716 3765 Quam
734 3703 768 3751 ob
787 3718 890 3752 causam
909 3703 971 3752 talia
988 3701 1083 3752 addere
1103 3701 1188 3750 liceat.

159 3787 187 3855 3)
206 3787 334 3837 Fallacias
352 3787 472 3837 fortunae
491 3805 521 3838 ac
537 3805 611 3854 spem
626 3788 747 3838 homines
762 3789 928 3840 frustrantem
943 3791 1120 3839 Romanorum
1136 3794 1162 3837 et
1178 3791 1272 3851 po'e'tae

125 3881 152 3923 et
179 3873 320 3939 scriptores
348 3875 501 3939 saepissime
529 3882 741 3925 commemorant.
766 3877 797 3926 In
827 3876 910 3926 titulis
938 3874 1127 3941 sepulcralibus
1153 3871 1275 3937 exempla

125 3968 186 4010 sunt
205 3960 283 4011 haec:

124 4046 187 4097 Bch.
207 4047 255 4112 185
273 4046 313 4115 (=
328 4049 429 4098 Dessau
447 4047 542 4116 7976):
556 4049 676 4122 'Fortuna
691 4049 804 4114 spondet
822 4049 903 4099 multa
918 4048 1018 4114 multiS,
1033 4054 1148 4112 praestat
1163 4045 1273 4096 nemini.

126 4133 190 4184 Bch.
213 4148 294 4198 1092:
314 4136 412 4185 credite
429 4136 565 4186 mortales:
586 4145 654 4186 astro
674 4144 736 4186 nato
756 4137 824 4187 nihil
844 4145 883 4186 est
901 4135 1032 4201 sperabile
1051 4135 1149 4184 datum.

125 4221 189 4273 Bch.
213 4233 295 4286 1170:
314 4222 417 4273 fortuna
436 4223 521 4273 invisa
540 4231 589 4290 est,
607 4239 668 4288 spes
687 4232 727 4274 est
745 4224 866 4273 frustrata
883 4230 1011 4287 parentes.

126 4308 191 4358 Bch.
214 4321 280 4373 1403
299 4307 333 4374 (c.
354 4309 476 4377 Christ.):
496 4326 511 4359 o
531 4310 615 4377 dolor,
633 4311 753 4361 humanis
771 4312 865 4361 frustra
884 4327 944 4376 spes
963 4310 1051 4360 addita
1069 4311 1154 4359 rebus.

127 4396 191 4446 Bch.
213 4409 294 4461 1422:
313 4412 384 4446 more
404 4413 451 4447 suo
470 4397 563 4448 ludens
582 4398 702 4448 homines
722 4400 786 4449 Fors
808 4399 910 4464 perdita
929 4413 1032 4463 semper

318 4492 474 4535 monstratas
491 4487 579 4552 rapuit
597 4502 658 4551 spes
677 4494 835 4552 properante
855 4486 906 4536 die.

127 4571 261 4621 Praeterea
286 4570 319 4620 cf.
346 4571 409 4622 Bch.
434 4571 478 4638 68,
505 4585 564 4639 110,
588 4586 651 4639 422,
676 4586 738 4640 442,
757 4585 819 4640 443,
839 4575 901 4640 649,
923 4584 999 4638 1014,
1021 4585 1102 4634 14oo;
1124 4572 1154 4621 Α.
1173 4571 1202 4620 P.
1221 4569 1274 4619 VII

124 4671 178 4720 420
202 4653 315 4723 (ἐλπίδες
338 4655 480 4718 ἀνθρώπων,
503 4653 611 4720 ἐλαφραὶ
628 4657 699 4728 aaut)
723 4667 749 4710 et
768 4662 797 4711 B.
817 4662 878 4710 Lier
896 4663 913 4711 l.
925 4662 942 4712 l.
962 4677 1022 4726 pars
1043 4660 1054 4708 I
1074 4660 1146 4726 §122
1167 4666 1274 4725 questus

126 4744 262 4794 hominum
281 4745 316 4795 ad
332 4745 537 4796 inconstantiam
556 4748 718 4812 pertinentes
738 4748 878 4798 Fortunae.

160 4831 189 4899 4)
209 4832 241 4882 cs.
261 4839 346 4882 autem
366 4833 412 4899 qui
433 4834 591 4884 antecedunt
611 4850 700 4884 versus
719 4835 780 4885 duo.
