3134 5476
702 353 763 435 138

156 533 260 598 iacuit
294 533 500 597 carminibus
522 532 646 610 defixa,
671 541 710 597 ut
732 534 805 599 eius
827 532 964 616 spiritus
987 531 1020 595 vi
1044 533 1305 612 extorqueretur

156 655 270 738 potius
294 673 397 736 quam
422 661 563 716 naturae
586 653 802 717 redderetur:

201 774 295 838 cuius
323 773 462 837 admissi
493 772 549 836 vel
581 771 701 836 Manes
724 772 779 837 vel
803 773 838 837 di
861 771 1024 837 caelestes
1047 776 1148 833 erunt
1173 765 1309 832 sceleris

200 894 353 959 vindices
368 891 402 977 ¹).

156 1132 193 1203 d.
220 1133 340 1198 Manes
358 1143 494 1198 mortuo
514 1133 652 1198 obviam
671 1133 822 1209 veniunt,
843 1152 922 1196 eum
934 1130 1118 1214 accipiunt,
1131 1129 1176 1192 ad
1189 1127 1308 1191 sedem

155 1274 251 1318 suam
288 1255 462 1318 deducunt
475 1254 509 1337 ²),
547 1262 605 1317 aut
640 1251 811 1318 domicilia
846 1260 979 1336 parant,
1014 1249 1132 1314 omnia
1160 1248 1311 1332 denique

156 1382 287 1452 curant,
311 1395 399 1458 quae
423 1375 466 1439 ad
487 1375 658 1439 fortunam
679 1374 782 1437 modo
803 1371 1042 1436 defunctorum
1063 1364 1276 1454 spectanti).

177 1495 347 1579 Exempla
370 1504 450 1560 sunt
473 1496 575 1560 haec:

153 1614 287 1697 Bch.42
292 1634 328 1698 3:
342 1617 479 1701 accipite
487 1616 574 1679 hanc
587 1615 735 1678 animam
749 1631 959 1695 numeroque
969 1619 1094 1694 augete
1102 1615 1276 1674 sacratam
1285 1601 1312 1690 ⁴)

432 1735 533 1799 Arria
557 1734 714 1799 Romano
738 1741 774 1796 et
796 1740 833 1796 tu
857 1731 962 1796 Graio
986 1729 1191 1794 Laodamia.

152 1854 193 1920 cs.
208 1855 276 1919 Kb.
289 1855 373 1937 624:
398 1851 425 1919 oi
451 1853 580 1931 στύγιον
606 1853 705 1932 χῶρον
730 1848 905 1927 ὑτονοοίετε,
931 1847 1077 1922 δαίμονες
1102 1843 1220 1918 ἐσθλοί,

437 1972 562 2051 δέξασθ’
586 1972 628 2043 εἷς
655 1969 765 2047 Ἀίδην
790 1969 845 2036 nai
870 1994 913 2048 με
938 1971 991 2035 τὸν
1017 1966 1232 2050 οἰκτρότατον.
1275 2005 1281 2015 ·

155 2094 286 2159 Dessau
296 2096 401 2179 8007:
416 2095 471 2159 dei
493 2095 612 2159 Manes
628 2101 829 2178 recepemnt
840 2091 1018 2156 Abulliam
1032 2091 1075 2155 N.
1089 2090 1112 2154 l.
1127 2086 1314 2173 Nigellam.

157 2215 240 2281 ibid.
254 2216 383 2300 8129b:
416 2237 492 2282 ossa
517 2216 656 2280 Nicenis
681 2215 735 2279 hic
755 2216 819 2278 sita
839 2221 928 2278 sunt.
950 2211 1073 2296 Superi
1093 2211 1191 2274 vivte
1212 2206 1314 2293 (sict),

471 2335 599 2398 valete!

422 2453 499 2518 iniri
523 2453 624 2537 (sict),
648 2452 783 2530 havete,
808 2451 949 2535 recipite
973 2449 1155 2513 Nicenem.

156 2573 318 2658 Sophocl.
343 2573 469 2639 Electr.
499 2574 600 2654 1165:

198 2693 237 2757 οὺ
264 2691 351 2770 δέξαιο
376 2693 413 2771 μ’
439 2693 470 2764 ἐς
495 2692 530 2756 τὸ
555 2691 606 2756 riu
632 2688 702 2754 τόδε
727 2688 852 2768 στέγος.
879 2687 1017 2756 Consol.
1042 2688 1087 2753 ad
1113 2687 1193 2751 Liv.
1219 2702 1295 2769 329.

155 2932 238 2998 Βοὴ.
257 2933 356 3015 1165:
383 2932 592 2999 Umbrarum
615 2951 734 2995 secura
757 2930 854 3013 quies
878 2929 1083 3011 animaeque
1109 2927 1251 3011 piorum

426 3052 585 3116 laudatae
608 3050 718 3115 colitis
741 3069 829 3133 quae
852 3049 930 3113 loca
952 3056 1072 3113 sancta
1095 3045 1215 3122 Erebi,

163 3187 360 3202 ——u—

195 3282 222 3350 1)
248 3284 282 3333 ci.
310 3299 378 3350 quae
406 3282 484 3332 huius
507 3282 569 3333 libri
593 3299 619 3348 p.
646 3293 681 3347 47
704 3289 730 3333 et
754 3281 842 3332 adnot.
864 3295 876 3331 1
907 3282 977 3332 dicta
1004 3287 1066 3332 suut
1093 3280 1128 3331 de
1156 3285 1323 3330 mortuorum

162 3370 286 3420 facultate
303 3370 427 3420 nocendi.
446 3369 540 3420 Rohde
559 3369 602 3420 1.1.
621 3369 652 3419 1³
670 3386 697 3435 p.
716 3369 769 3433 264
787 3370 877 3420 adnot.
897 3382 922 3420 2.

194 3456 223 3521 2)
239 3456 272 3507 cf.
292 3456 386 3505 Rohde
404 3455 448 3505 l.l.
468 3455 499 3504 1⁸
517 3470 543 3519 p.
566 3468 597 3504 10
617 3456 705 3505 adnot.
728 3469 738 3504 1
763 3455 798 3504 ad
816 3456 896 3506 Hom.
917 3455 969 3505 Od.
992 3467 1032 3518 14.
1044 3465 1114 3518 207:
1133 3449 1321 3508 aaa'tmrm

163 3541 239 3600 Κῆρες
264 3536 326 3600 ’ἔβαν
352 3537 467 3589 θανάτοιο
492 3541 611 3600 φέρουσαι
630 3538 665 3597 οἷς
683 3537 770 3588 Ἀίδαο
788 3537 893 3600 iturae:
912 3542 985 3608 „hier
1003 3541 1122 3607 geleiten
1140 3539 1198 3608 (die
1218 3538 1324 3606 Kereu)

163 3628 231 3693 „den
260 3626 364 3676 Todten
391 3627 419 3676 in
448 3626 494 3675 das
522 3627 606 3677 Reich
633 3628 679 3678 des
704 3627 802 3678 Hades.
828 3627 872 3678 sie
896 3629 957 3678 sind
976 3628 1234 3695 Hadesdaemonen,
1254 3625 1324 3677 nach

163 3712 393 3778 „urspriinglicher
419 3711 576 3777 Bedeutung
602 3714 685 3763 selbst
709 3715 768 3764 dem
793 3715 885 3764 Leben
904 3715 1051 3765 entrisscuc
1071 3714 1223 3780 „Seelen'':
1242 3729 1273 3764 es
1292 3713 1327 3763 ist

164 3799 238 3863 „eine
257 3796 520 3848 wohlverstindliche
540 3798 718 3865 Vorstellung,
734 3800 792 3849 dass
807 3799 898 3849 solche
915 3800 1327 3866 Seelengeister,herumschwe·

164 3884 259 3948 „bend
286 3883 459 3934 auslahrende
484 3883 578 3933 Seelen
596 3886 663 3934 eben
682 3887 852 3951 gestorbeuer
870 3886 1018 3937 Menschen
1038 3887 1089 3938 mit
1107 3887 1166 3937 sich
1186 3887 1326 3937 fortraffen

165 3985 239 4033 „zum
258 3967 466 4018 Seelenreiche.'’

195 4052 223 4121 3)
241 4054 275 4104 cf.
293 4054 357 4103 Bch.
375 4067 442 4117 492:
480 4054 565 4118 qualis
584 4057 654 4104 enim
672 4057 749 4107 fuerit
768 4057 830 4123 vita,
848 4073 928 4122 quam
947 4057 1043 4108 deinde
1064 4059 1174 4125 pudica,

479 4141 500 4189 si
518 4157 623 4204 possem
641 4143 721 4208 effari,
738 4143 838 4192 cithara
855 4142 1015 4211 suadere(m)
1034 4159 1085 4208 ego
1105 4145 1214 4195 Manes.
1248 4196 1250 4201 ,

165 4226 182 4276 i.
190 4242 213 4276 e.
233 4225 424 4290 persuaderem,
441 4231 470 4274 ut
488 4226 600 4275 animam
618 4228 715 4277 blande
733 4229 883 4293 acciperent
900 4245 930 4280 ac
949 4231 1065 4281 suaviter
1084 4237 1242 4284 tractarent.

195 4311 225 4378 4)
243 4313 361 4361 Adnotat
380 4311 566 4361 Buechelerus:
588 4321 705 4375 „mortuo
723 4313 861 4363 adversum
879 4315 1043 4366 venientium
1059 4319 1218 4368 umbrarum
1235 4319 1330 4386 imagi·

168 4399 257 4461 „natio
275 4406 351 4448 vetus
370 4412 399 4445 ac
419 4396 541 4462 frequens
560 4397 656 4463 (Culic.
667 4399 726 4448 261.
735 4402 827 4464 Juven.
838 4415 863 4450 2.
877 4401 966 4469 156).’'
976 4402 1010 4452 cf.
1021 4405 1199 4455 comminatio
1209 4404 1331 4473 (Dessau

167 4483 262 4551 8184):
282 4485 342 4546 Qua
359 4480 400 4546 (=
415 4498 481 4547 quae
500 4499 534 4533 sc.
554 4484 624 4551 ossa)
642 4486 664 4533 si
685 4487 743 4550 quis
760 4487 897 4537 violaverit
915 4494 959 4537 aut
977 4489 1041 4539 inde
1061 4492 1204 4559 exemerit,
1218 4502 1289 4559 opto
1307 4494 1333 4545 ei

166 4578 194 4621 ut
222 4587 280 4621 cum
305 4567 397 4618 dolore
416 4571 532 4634 corporis
550 4569 631 4634 longo
650 4577 766 4636 tempore
786 4573 855 4622 vivat
875 4582 979 4623 etcum
997 4583 1119 4626 mortuus
1138 4578 1234 4645 fuerit,
1252 4581 1335 4631 inferi

166 4672 225 4706 eum
243 4673 297 4706 non
316 4653 456 4717 accipiant.
475 4655 538 4705 Βοὴ.
558 4655 609 4718 776
628 4653 718 4721 (carm
737 4657 903 4725 Christian.):
923 4660 1012 4725 recipe
1027 4667 1057 4711 tu
1072 4678 1124 4714 nos
1141 4670 1169 4714 et
1185 4666 1268 4718 mios.
1286 4667 1332 4717 An

166 4741 198 4792 de
217 4742 321 4793 Christo
342 4738 457 4789 dictum?
