<?xml version="1.0" encoding="UTF-8"?>
<!DOCTYPE html PUBLIC "-//W3C//DTD XHTML 1.0 Transitional//EN"
    "http://www.w3.org/TR/xhtml1/DTD/xhtml1-transitional.dtd">
<html xmlns="http://www.w3.org/1999/xhtml" xml:lang="en" lang="en">
 <head>
  <title>
</title>
<meta http-equiv="Content-Type" content="text/html;charset=utf-8" />
  <meta name='ocr-system' content='tesseract 3.04.00' />
  <meta name='ocr-capabilities' content='ocr_page ocr_carea ocr_par ocr_line ocrx_word'/>
</head>
<body>
  <div class='ocr_page' id='page_1' title='image "./quaedehominumpo00bleegoog_0085.png"; bbox 0 0 3134 5476; ppageno 0'>
   <div class='ocr_carea' id='block_1_1' title="bbox 649 369 692 436">
    <p class='ocr_par' dir='ltr' id='par_1_1' title="bbox 649 369 692 436">
     <span class='ocr_line' id='line_1_1' title="bbox 649 369 692 436; baseline 0.023 -1"><span class='ocrx_word' id='word_1_1' title='bbox 649 369 692 436; x_wconf 88' lang='lat'>62</span> 
     </span>
    </p>
   </div>
   <div class='ocr_carea' id='block_1_2' title="bbox 95 552 1249 1125">
    <p class='ocr_par' dir='ltr' id='par_1_2' title="bbox 95 552 1249 887">
     <span class='ocr_line' id='line_1_2' title="bbox 96 552 1249 641; baseline -0.01 -16"><span class='ocrx_word' id='word_1_2' title='bbox 96 562 275 625; x_wconf 88' lang='lat' dir='ltr'>Praeterea</span> <span class='ocrx_word' id='word_1_3' title='bbox 307 559 481 641; x_wconf 85' lang='lat' dir='ltr'><strong>Theognis</strong></span> <span class='ocrx_word' id='word_1_4' title='bbox 513 559 596 641; x_wconf 90' lang='lat'>708:</span> <span class='ocrx_word' id='word_1_5' title='bbox 630 553 739 641; x_wconf 77' lang='grc' dir='ltr'><em>(ὅστις)</em></span> <span class='ocrx_word' id='word_1_6' title='bbox 772 553 844 637; x_wconf 80' lang='grc' dir='ltr'><em>ἔλθη</em></span> <span class='ocrx_word' id='word_1_7' title='bbox 877 553 933 640; x_wconf 80' lang='grc' dir='ltr'>(δὲ)</span> <span class='ocrx_word' id='word_1_8' title='bbox 953 553 985 624; x_wconf 75' lang='grc' dir='ltr'><em>ἐς</em></span> <span class='ocrx_word' id='word_1_9' title='bbox 1007 552 1126 632; x_wconf 84' lang='grc' dir='ltr'><em>σκιερδν</em></span> <span class='ocrx_word' id='word_1_10' title='bbox 1151 553 1249 632; x_wconf 82' lang='grc' dir='ltr'><em>χῶρον</em></span> 
     </span>
     <span class='ocr_line' id='line_1_3' title="bbox 95 672 1248 761; baseline -0.008 -17"><span class='ocrx_word' id='word_1_11' title='bbox 95 678 327 761; x_wconf 72' lang='grc' dir='ltr'><em>ύτιοφύιμένων.</em></span> <span class='ocrx_word' id='word_1_12' title='bbox 354 678 397 742; x_wconf 83' lang='lat' dir='ltr'>cs.</span> <span class='ocrx_word' id='word_1_13' title='bbox 422 695 497 758; x_wconf 89' lang='lat'><strong>244.</strong></span> <span class='ocrx_word' id='word_1_14' title='bbox 523 676 687 761; x_wconf 91' lang='lat' dir='ltr'>Aeschyl.</span> <span class='ocrx_word' id='word_1_15' title='bbox 709 678 799 741; x_wconf 88' lang='lat' dir='ltr'>Pers.</span> <span class='ocrx_word' id='word_1_16' title='bbox 814 677 888 761; x_wconf 87' lang='lat'>839,</span> <span class='ocrx_word' id='word_1_17' title='bbox 903 673 1057 758; x_wconf 92' lang='lat' dir='ltr'>Euripid.</span> <span class='ocrx_word' id='word_1_18' title='bbox 1071 672 1151 737; x_wconf 88' lang='lat' dir='ltr'>Alc.</span> <span class='ocrx_word' id='word_1_19' title='bbox 1166 674 1248 755; x_wconf 86' lang='lat'><strong>852:</strong></span> 
     </span>
     <span class='ocr_line' id='line_1_4' title="bbox 96 796 1079 887; baseline -0.009 -20"><span class='ocrx_word' id='word_1_20' title='bbox 96 800 202 887; x_wconf 81' lang='grc' dir='ltr'><em>(Κόρης</em></span> <span class='ocrx_word' id='word_1_21' title='bbox 230 802 272 872; x_wconf 78' lang='grc' dir='ltr'>εἷς</span> <span class='ocrx_word' id='word_1_22' title='bbox 297 798 441 875; x_wconf 79' lang='grc' dir='ltr'><em>οὶνηλύονς</em></span> <span class='ocrx_word' id='word_1_23' title='bbox 465 796 600 880; x_wconf 77' lang='grc' dir='ltr'>δόμους),</span> <span class='ocrx_word' id='word_1_24' title='bbox 625 799 767 862; x_wconf 89' lang='lat' dir='ltr'>Lucian.</span> <span class='ocrx_word' id='word_1_25' title='bbox 793 798 1022 880; x_wconf 87' lang='lat' dir='ltr'>Necyomant.</span> <span class='ocrx_word' id='word_1_26' title='bbox 1052 813 1079 858; x_wconf 93' lang='lat'>1.</span> 
     </span>
    </p>

    <p class='ocr_par' dir='ltr' id='par_1_3' title="bbox 96 918 1210 1125">
     <span class='ocr_line' id='line_1_5' title="bbox 141 918 632 986; baseline -0.012 1"><span class='ocrx_word' id='word_1_27' title='bbox 141 922 255 986; x_wconf 87' lang='lat' dir='ltr'>Etiam</span> <span class='ocrx_word' id='word_1_28' title='bbox 280 923 314 985; x_wconf 90' lang='lat' dir='ltr'>in</span> <span class='ocrx_word' id='word_1_29' title='bbox 339 919 446 984; x_wconf 84' lang='lat' dir='ltr'>titulis</span> <span class='ocrx_word' id='word_1_30' title='bbox 475 918 632 983; x_wconf 90' lang='lat' dir='ltr'>Graecis:</span> 
     </span>
     <span class='ocr_line' id='line_1_6' title="bbox 96 1031 1210 1125; baseline -0.009 -19"><span class='ocrx_word' id='word_1_31' title='bbox 96 1043 165 1106; x_wconf 92' lang='lat' dir='ltr'>Kb.</span> <span class='ocrx_word' id='word_1_32' title='bbox 188 1060 273 1125; x_wconf 84' lang='lat'>431:</span> <span class='ocrx_word' id='word_1_33' title='bbox 297 1049 406 1118; x_wconf 79' lang='grc' dir='ltr'><em>κεῖμωι</em></span> <span class='ocrx_word' id='word_1_34' title='bbox 432 1040 461 1110; x_wconf 76' lang='grc' dir='ltr'><em>ἐς</em></span> <span class='ocrx_word' id='word_1_35' title='bbox 489 1038 672 1118; x_wconf 71' lang='grc' dir='ltr'><em>αὐχμηροὺς</em></span> <span class='ocrx_word' id='word_1_36' title='bbox 697 1037 750 1102; x_wconf 83' lang='grc' dir='ltr'>κού</span> <span class='ocrx_word' id='word_1_37' title='bbox 778 1033 955 1116; x_wconf 81' lang='grc' dir='ltr'><em>ύλοιμοιέοις</em></span> <span class='ocrx_word' id='word_1_38' title='bbox 979 1034 1081 1105; x_wconf 84' lang='grc' dir='ltr'><em>’Λύδος</em></span> <span class='ocrx_word' id='word_1_39' title='bbox 1105 1031 1210 1104; x_wconf 82' lang='grc' dir='ltr'><em>εύνύς.</em></span> 
     </span>
    </p>
   </div>
   <div class='ocr_carea' id='block_1_3' title="bbox 96 1161 1249 1731">
    <p class='ocr_par' dir='ltr' id='par_1_4' title="bbox 96 1161 1249 1731">
     <span class='ocr_line' id='line_1_7' title="bbox 96 1161 418 1247; baseline -0.009 -20"><span class='ocrx_word' id='word_1_40' title='bbox 96 1163 138 1227; x_wconf 87' lang='lat' dir='ltr'>cf.</span> <span class='ocrx_word' id='word_1_41' title='bbox 164 1165 216 1247; x_wconf 90' lang='lat'>89,</span> <span class='ocrx_word' id='word_1_42' title='bbox 243 1180 317 1244; x_wconf 87' lang='lat'>241,</span> <span class='ocrx_word' id='word_1_43' title='bbox 344 1161 418 1242; x_wconf 86' lang='lat'><strong>264.</strong></span> 
     </span>
     <span class='ocr_line' id='line_1_8' title="bbox 96 1272 1249 1361; baseline -0.011 -13"><span class='ocrx_word' id='word_1_44' title='bbox 96 1284 140 1347; x_wconf 85' lang='lat' dir='ltr'>A.</span> <span class='ocrx_word' id='word_1_45' title='bbox 155 1284 189 1347; x_wconf 94' lang='lat' dir='ltr'>P.</span> <span class='ocrx_word' id='word_1_46' title='bbox 204 1283 272 1348; x_wconf 94' lang='lat' dir='ltr'>VII</span> <span class='ocrx_word' id='word_1_47' title='bbox 301 1285 379 1347; x_wconf 89' lang='lat'>181:</span> <span class='ocrx_word' id='word_1_48' title='bbox 403 1280 510 1360; x_wconf 73' lang='grc' dir='ltr'><em>οἰκτροὶ</em></span> <span class='ocrx_word' id='word_1_49' title='bbox 538 1280 573 1354; x_wconf 75' lang='grc' dir='ltr'>δη</span> <span class='ocrx_word' id='word_1_50' title='bbox 595 1279 737 1361; x_wconf 77' lang='grc' dir='ltr'>δνοφερὸν</span> <span class='ocrx_word' id='word_1_51' title='bbox 759 1275 849 1355; x_wconf 87' lang='grc' dir='ltr'><em>δύμον</em></span> <span class='ocrx_word' id='word_1_52' title='bbox 872 1276 980 1352; x_wconf 74' lang='grc' dir='ltr'><em>ύλνύες</em></span> <span class='ocrx_word' id='word_1_53' title='bbox 995 1272 1249 1354; x_wconf 77' lang='grc' dir='ltr'><em>εἶς’Λχέροντος.</em></span> 
     </span>
     <span class='ocr_line' id='line_1_9' title="bbox 186 1392 1205 1486; baseline -0.009 -19"><span class='ocrx_word' id='word_1_54' title='bbox 186 1404 268 1468; x_wconf 91' lang='lat' dir='ltr'>ibid.</span> <span class='ocrx_word' id='word_1_55' title='bbox 285 1418 367 1486; x_wconf 78' lang='lat'>352:</span> <span class='ocrx_word' id='word_1_56' title='bbox 392 1400 560 1481; x_wconf 78' lang='grc' dir='ltr'><em>Δεξιτερην</em></span> <span class='ocrx_word' id='word_1_57' title='bbox 587 1400 696 1465; x_wconf 84' lang='grc' dir='ltr'><em>Ἀίδοιο</em></span> <span class='ocrx_word' id='word_1_58' title='bbox 721 1401 787 1464; x_wconf 85' lang='grc' dir='ltr'><em>ύεού</em></span> <span class='ocrx_word' id='word_1_59' title='bbox 812 1397 894 1479; x_wconf 78' lang='grc' dir='ltr'><em>χέροι</em></span> <span class='ocrx_word' id='word_1_60' title='bbox 919 1395 972 1461; x_wconf 80' lang='grc' dir='ltr'>κού</span> <span class='ocrx_word' id='word_1_61' title='bbox 1000 1395 1043 1460; x_wconf 74' lang='lat' dir='ltr'>rai</span> <span class='ocrx_word' id='word_1_62' title='bbox 1071 1392 1205 1460; x_wconf 80' lang='grc' dir='ltr'><em>κελοιινύ</em></span> 
     </span>
     <span class='ocr_line' id='line_1_10' title="bbox 453 1514 1113 1604; baseline -0.009 -17"><span class='ocrx_word' id='word_1_63' title='bbox 453 1521 588 1601; x_wconf 83' lang='grc' dir='ltr'><em>ύμνυμεν</em></span> <span class='ocrx_word' id='word_1_64' title='bbox 613 1522 743 1604; x_wconf 78' lang='grc' dir='ltr'><em>οὶρρύτον</em></span> <span class='ocrx_word' id='word_1_65' title='bbox 768 1521 878 1599; x_wconf 78' lang='grc' dir='ltr'><em>δέμνιοι</em></span> <span class='ocrx_word' id='word_1_66' title='bbox 902 1514 1113 1600; x_wconf 71' lang='grc' dir='ltr'><em>Περσεφόνης.</em></span> 
     </span>
     <span class='ocr_line' id='line_1_11' title="bbox 97 1645 1024 1731; baseline -0.008 -21"><span class='ocrx_word' id='word_1_67' title='bbox 97 1646 139 1710; x_wconf 81' lang='lat' dir='ltr'>cf.</span> <span class='ocrx_word' id='word_1_68' title='bbox 163 1661 217 1731; x_wconf 93' lang='lat'>70,</span> <span class='ocrx_word' id='word_1_69' title='bbox 242 1662 318 1723; x_wconf 90' lang='lat'>211,</span> <span class='ocrx_word' id='word_1_70' title='bbox 344 1663 418 1728; x_wconf 87' lang='lat'><strong>232,</strong></span> <span class='ocrx_word' id='word_1_71' title='bbox 446 1647 520 1727; x_wconf 82' lang='lat'>283,</span> <span class='ocrx_word' id='word_1_72' title='bbox 548 1660 621 1727; x_wconf 82' lang='lat'><strong>524,</strong></span> <span class='ocrx_word' id='word_1_73' title='bbox 643 1645 720 1727; x_wconf 87' lang='lat'>633,</span> <span class='ocrx_word' id='word_1_74' title='bbox 745 1659 820 1727; x_wconf 90' lang='lat'><em>700,</em></span> <span class='ocrx_word' id='word_1_75' title='bbox 846 1657 922 1726; x_wconf 84' lang='lat'>713,</span> <span class='ocrx_word' id='word_1_76' title='bbox 948 1655 1024 1725; x_wconf 82' lang='lat'><strong>735.</strong></span> 
     </span>
    </p>
   </div>
   <div class='ocr_carea' id='block_1_4' title="bbox 96 1916 1255 2483">
    <p class='ocr_par' dir='ltr' id='par_1_5' title="bbox 96 1916 1255 2483">
     <span class='ocr_line' id='line_1_12' title="bbox 140 1916 1253 2001; baseline -0.007 -20"><span class='ocrx_word' id='word_1_77' title='bbox 140 1918 201 1981; x_wconf 94' lang='lat' dir='ltr'><strong>III.</strong></span> <span class='ocrx_word' id='word_1_78' title='bbox 238 1918 280 1982; x_wconf 87' lang='lat' dir='ltr'>In</span> <span class='ocrx_word' id='word_1_79' title='bbox 312 1938 414 2001; x_wconf 82' lang='lat' dir='ltr'>regno</span> <span class='ocrx_word' id='word_1_80' title='bbox 446 1917 539 1983; x_wconf 85' lang='lat' dir='ltr'>Ditis</span> <span class='ocrx_word' id='word_1_81' title='bbox 569 1928 601 1981; x_wconf 81' lang='lat' dir='ltr'>et</span> <span class='ocrx_word' id='word_1_82' title='bbox 624 1916 850 1998; x_wconf 78' lang='lat' dir='ltr'><em>Proserpinae</em></span> <span class='ocrx_word' id='word_1_83' title='bbox 873 1935 1012 1998; x_wconf 91' lang='lat' dir='ltr'>quoque</span> <span class='ocrx_word' id='word_1_84' title='bbox 1036 1921 1253 1976; x_wconf 89' lang='lat' dir='ltr'>mortuorum</span> 
     </span>
     <span class='ocr_line' id='line_1_13' title="bbox 96 2030 1255 2117; baseline -0.008 -15"><span class='ocrx_word' id='word_1_85' title='bbox 96 2038 230 2102; x_wconf 87' lang='lat' dir='ltr'>animae</span> <span class='ocrx_word' id='word_1_86' title='bbox 260 2057 333 2101; x_wconf 92' lang='lat' dir='ltr'>esse</span> <span class='ocrx_word' id='word_1_87' title='bbox 364 2038 532 2101; x_wconf 88' lang='lat' dir='ltr'>dicuntur.</span> <span class='ocrx_word' id='word_1_88' title='bbox 565 2037 627 2100; x_wconf 94' lang='lat' dir='ltr'>Dis</span> <span class='ocrx_word' id='word_1_89' title='bbox 650 2045 765 2100; x_wconf 90' lang='lat' dir='ltr'>autem</span> <span class='ocrx_word' id='word_1_90' title='bbox 790 2037 929 2117; x_wconf 92' lang='lat' dir='ltr'>eiusque</span> <span class='ocrx_word' id='word_1_91' title='bbox 954 2053 1040 2097; x_wconf 89' lang='lat' dir='ltr'>uxor</span> <span class='ocrx_word' id='word_1_92' title='bbox 1063 2053 1082 2095; x_wconf 88' lang='lat' dir='ltr'>e</span> <span class='ocrx_word' id='word_1_93' title='bbox 1107 2030 1255 2095; x_wconf 87' lang='lat' dir='ltr'>Graecia</span> 
     </span>
     <span class='ocr_line' id='line_1_14' title="bbox 97 2154 1253 2242; baseline -0.007 -20"><span class='ocrx_word' id='word_1_94' title='bbox 97 2159 263 2242; x_wconf 84' lang='lat' dir='ltr'>originem</span> <span class='ocrx_word' id='word_1_95' title='bbox 288 2158 414 2222; x_wconf 89' lang='lat' dir='ltr'>hahere</span> <span class='ocrx_word' id='word_1_96' title='bbox 439 2158 597 2221; x_wconf 87' lang='lat' dir='ltr'>videntur</span> <span class='ocrx_word' id='word_1_97' title='bbox 613 2155 646 2240; x_wconf 83' lang='lat'>¹).</span> <span class='ocrx_word' id='word_1_98' title='bbox 671 2158 733 2221; x_wconf 94' lang='lat' dir='ltr'>Dis</span> <span class='ocrx_word' id='word_1_99' title='bbox 756 2158 777 2220; x_wconf 94' lang='lat' dir='ltr'>i.</span> <span class='ocrx_word' id='word_1_100' title='bbox 791 2177 821 2219; x_wconf 91' lang='lat' dir='ltr'>e.</span> <span class='ocrx_word' id='word_1_101' title='bbox 847 2156 942 2219; x_wconf 90' lang='lat' dir='ltr'>dives</span> <span class='ocrx_word' id='word_1_102' title='bbox 964 2154 1087 2218; x_wconf 89' lang='lat' dir='ltr'>Latine</span> <span class='ocrx_word' id='word_1_103' title='bbox 1108 2160 1253 2216; x_wconf 87' lang='lat' dir='ltr'>vocatur</span> 
     </span>
     <span class='ocr_line' id='line_1_15' title="bbox 97 2274 1254 2361; baseline -0.006 -20"><span class='ocrx_word' id='word_1_104' title='bbox 97 2276 111 2341; x_wconf 85' lang='grc' dir='ltr'><em>ύ</em></span> <span class='ocrx_word' id='word_1_105' title='bbox 131 2276 289 2356; x_wconf 82' lang='grc' dir='ltr'><em>Πλούτων,</em></span> <span class='ocrx_word' id='word_1_106' title='bbox 311 2279 403 2361; x_wconf 93' lang='lat' dir='ltr'>quod</span> <span class='ocrx_word' id='word_1_107' title='bbox 421 2299 545 2341; x_wconf 91' lang='lat' dir='ltr'>nomen</span> <span class='ocrx_word' id='word_1_108' title='bbox 560 2277 728 2342; x_wconf 87' lang='lat' dir='ltr'>Graecum</span> <span class='ocrx_word' id='word_1_109' title='bbox 741 2286 776 2341; x_wconf 88' lang='lat' dir='ltr'>et</span> <span class='ocrx_word' id='word_1_110' title='bbox 789 2278 900 2361; x_wconf 89' lang='lat' dir='ltr'>ipsum</span> <span class='ocrx_word' id='word_1_111' title='bbox 913 2274 1153 2339; x_wconf 89' lang='lat' dir='ltr'>deducendum</span> <span class='ocrx_word' id='word_1_112' title='bbox 1167 2280 1254 2335; x_wconf 84' lang='lat' dir='ltr'>esta</span> 
     </span>
     <span class='ocr_line' id='line_1_16' title="bbox 99 2391 1253 2483; baseline -0.007 -19"><span class='ocrx_word' id='word_1_113' title='bbox 99 2420 194 2477; x_wconf 89' lang='lat' dir='ltr'>voce,</span> <span class='ocrx_word' id='word_1_114' title='bbox 214 2421 302 2483; x_wconf 85' lang='lat' dir='ltr'>quae</span> <span class='ocrx_word' id='word_1_115' title='bbox 322 2408 374 2463; x_wconf 88' lang='lat' dir='ltr'>est</span> <span class='ocrx_word' id='word_1_116' title='bbox 394 2403 528 2470; x_wconf 85' lang='grc' dir='ltr'><em>τλούτος</em></span> <span class='ocrx_word' id='word_1_117' title='bbox 543 2397 578 2483; x_wconf 79' lang='lat'>²).</span> <span class='ocrx_word' id='word_1_118' title='bbox 599 2396 746 2462; x_wconf 89' lang='grc' dir='ltr'><em>Πλούτων</em></span> <span class='ocrx_word' id='word_1_119' title='bbox 767 2406 882 2462; x_wconf 89' lang='lat' dir='ltr'>autem</span> <span class='ocrx_word' id='word_1_120' title='bbox 902 2397 974 2461; x_wconf 90' lang='lat' dir='ltr'>sive</span> <span class='ocrx_word' id='word_1_121' title='bbox 989 2393 1099 2468; x_wconf 74' lang='grc' dir='ltr'><em>Ἅιδης</em></span> <span class='ocrx_word' id='word_1_122' title='bbox 1114 2391 1138 2477; x_wconf 85' lang='lat'>³)</span> <span class='ocrx_word' id='word_1_123' title='bbox 1157 2393 1253 2477; x_wconf 84' lang='lat' dir='ltr'>apud</span> 
     </span>
    </p>
   </div>
   <div class='ocr_carea' id='block_1_5' title="bbox 42 2715 1252 4688">
    <p class='ocr_par' dir='ltr' id='par_1_6' title="bbox 95 2715 1252 2873">
     <span class='ocr_line' id='line_1_17' title="bbox 133 2715 1252 2787; baseline -0.004 -17"><span class='ocrx_word' id='word_1_124' title='bbox 133 2719 158 2787; x_wconf 80' lang='grc' dir='ltr'><em>ε)</em></span> <span class='ocrx_word' id='word_1_125' title='bbox 185 2719 218 2769; x_wconf 79' lang='lat' dir='ltr'>cf.</span> <span class='ocrx_word' id='word_1_126' title='bbox 238 2718 366 2769; x_wconf 81' lang='lat' dir='ltr'>Wissowa</span> <span class='ocrx_word' id='word_1_127' title='bbox 384 2717 428 2771; x_wconf 92' lang='lat' dir='ltr'><strong>l.l.</strong></span> <span class='ocrx_word' id='word_1_128' title='bbox 448 2735 474 2784; x_wconf 88' lang='lat' dir='ltr'>p.</span> <span class='ocrx_word' id='word_1_129' title='bbox 496 2718 560 2783; x_wconf 81' lang='lat'><strong>256:</strong></span> <span class='ocrx_word' id='word_1_130' title='bbox 581 2717 678 2782; x_wconf 83' lang='lat' dir='ltr'>„Beide</span> <span class='ocrx_word' id='word_1_131' title='bbox 697 2717 851 2768; x_wconf 80' lang='lat' dir='ltr'>Gottheiren</span> <span class='ocrx_word' id='word_1_132' title='bbox 870 2733 957 2768; x_wconf 83' lang='lat' dir='ltr'><strong>waren</strong></span> <span class='ocrx_word' id='word_1_133' title='bbox 976 2733 1023 2767; x_wconf 86' lang='lat' dir='ltr'>vor</span> <span class='ocrx_word' id='word_1_134' title='bbox 1041 2716 1088 2766; x_wconf 90' lang='lat' dir='ltr'>der</span> <span class='ocrx_word' id='word_1_135' title='bbox 1106 2715 1185 2766; x_wconf 84' lang='lat' dir='ltr'>Feier</span> <span class='ocrx_word' id='word_1_136' title='bbox 1205 2716 1252 2766; x_wconf 89' lang='lat' dir='ltr'>des</span> 
     </span>
     <span class='ocr_line' id='line_1_18' title="bbox 95 2803 1039 2873; baseline -0.003 -17"><span class='ocrx_word' id='word_1_137' title='bbox 95 2808 187 2872; x_wconf 84' lang='lat' dir='ltr'>Jahres</span> <span class='ocrx_word' id='word_1_138' title='bbox 207 2815 257 2871; x_wconf 80' lang='lat'>505</span> <span class='ocrx_word' id='word_1_139' title='bbox 277 2804 318 2873; x_wconf 77' lang='grc' dir='ltr'>(ι</span> <span class='ocrx_word' id='word_1_140' title='bbox 332 2805 397 2872; x_wconf 89' lang='lat'><strong>249)</strong></span> <span class='ocrx_word' id='word_1_141' title='bbox 416 2806 462 2855; x_wconf 90' lang='lat' dir='ltr'>der</span> <span class='ocrx_word' id='word_1_142' title='bbox 480 2805 627 2855; x_wconf 73' lang='lat' dir='ltr'>romischen</span> <span class='ocrx_word' id='word_1_143' title='bbox 647 2805 773 2870; x_wconf 86' lang='lat' dir='ltr'>Religion</span> <span class='ocrx_word' id='word_1_144' title='bbox 791 2805 911 2870; x_wconf 60' lang='lat' dir='ltr'>gonzlich</span> <span class='ocrx_word' id='word_1_145' title='bbox 930 2803 1039 2855; x_wconf 87' lang='lat' dir='ltr'>fremd”.</span> 
     </span>
    </p>

    <p class='ocr_par' dir='ltr' id='par_1_7' title="bbox 97 2889 1252 3829">
     <span class='ocr_line' id='line_1_19' title="bbox 128 2889 1252 2959; baseline -0.004 -15"><span class='ocrx_word' id='word_1_146' title='bbox 128 2892 157 2959; x_wconf 76' lang='grc' dir='ltr'>τ)</span> <span class='ocrx_word' id='word_1_147' title='bbox 184 2893 217 2945; x_wconf 82' lang='lat' dir='ltr'>ci.</span> <span class='ocrx_word' id='word_1_148' title='bbox 245 2893 373 2942; x_wconf 83' lang='lat' dir='ltr'>Wissowa</span> <span class='ocrx_word' id='word_1_149' title='bbox 400 2892 444 2942; x_wconf 92' lang='lat' dir='ltr'><strong>l.l.</strong></span> <span class='ocrx_word' id='word_1_150' title='bbox 472 2908 499 2957; x_wconf 91' lang='lat' dir='ltr'>p.</span> <span class='ocrx_word' id='word_1_151' title='bbox 519 2892 585 2956; x_wconf 83' lang='lat'><strong>256:</strong></span> <span class='ocrx_word' id='word_1_152' title='bbox 616 2892 680 2956; x_wconf 81' lang='lat' dir='ltr'>„wie</span> <span class='ocrx_word' id='word_1_153' title='bbox 700 2892 746 2941; x_wconf 88' lang='lat' dir='ltr'>der</span> <span class='ocrx_word' id='word_1_154' title='bbox 764 2892 848 2942; x_wconf 84' lang='lat' dir='ltr'>Name</span> <span class='ocrx_word' id='word_1_155' title='bbox 866 2892 924 2958; x_wconf 76' lang='lat' dir='ltr'>Dis,</span> <span class='ocrx_word' id='word_1_156' title='bbox 945 2892 1037 2942; x_wconf 90' lang='lat' dir='ltr'>dessen</span> <span class='ocrx_word' id='word_1_157' title='bbox 1055 2891 1184 2941; x_wconf 73' lang='lat' dir='ltr'>Identitiit</span> <span class='ocrx_word' id='word_1_158' title='bbox 1203 2889 1252 2939; x_wconf 89' lang='lat' dir='ltr'>mit</span> 
     </span>
     <span class='ocr_line' id='line_1_20' title="bbox 100 2974 1251 3045; baseline -0.002 -16"><span class='ocrx_word' id='word_1_159' title='bbox 100 2980 176 3045; x_wconf 82' lang='lat' dir='ltr'>„dem</span> <span class='ocrx_word' id='word_1_160' title='bbox 195 2979 374 3045; x_wconf 85' lang='lat' dir='ltr'>griechischen</span> <span class='ocrx_word' id='word_1_161' title='bbox 393 2974 515 3026; x_wconf 77' lang='grc' dir='ltr'><em>Πλούτων</em></span> <span class='ocrx_word' id='word_1_162' title='bbox 532 2979 599 3028; x_wconf 77' lang='lat' dir='ltr'>auch</span> <span class='ocrx_word' id='word_1_163' title='bbox 617 2978 661 3028; x_wconf 90' lang='lat' dir='ltr'>die</span> <span class='ocrx_word' id='word_1_164' title='bbox 680 2978 760 3029; x_wconf 89' lang='lat' dir='ltr'>Alten</span> <span class='ocrx_word' id='word_1_165' title='bbox 779 2978 1251 3044; x_wconf 83' lang='lat' dir='ltr'>nichtverkennenkonnten,nichts</span> 
     </span>
     <span class='ocr_line' id='line_1_21' title="bbox 100 3065 1250 3132; baseline -0.003 -15"><span class='ocrx_word' id='word_1_166' title='bbox 100 3067 225 3132; x_wconf 79' lang='lat' dir='ltr'>„anderes</span> <span class='ocrx_word' id='word_1_167' title='bbox 244 3066 279 3116; x_wconf 90' lang='lat' dir='ltr'>ist</span> <span class='ocrx_word' id='word_1_168' title='bbox 297 3065 336 3115; x_wconf 83' lang='lat' dir='ltr'>als</span> <span class='ocrx_word' id='word_1_169' title='bbox 353 3066 396 3116; x_wconf 92' lang='lat' dir='ltr'>die</span> <span class='ocrx_word' id='word_1_170' title='bbox 416 3066 613 3130; x_wconf 87' lang='lat' dir='ltr'>Uebersetzung</span> <span class='ocrx_word' id='word_1_171' title='bbox 631 3065 716 3115; x_wconf 90' lang='lat' dir='ltr'>dieses</span> <span class='ocrx_word' id='word_1_172' title='bbox 735 3066 916 3131; x_wconf 88' lang='lat' dir='ltr'>griechischen</span> <span class='ocrx_word' id='word_1_173' title='bbox 932 3066 1058 3131; x_wconf 75' lang='lat' dir='ltr'>Namens‚</span> <span class='ocrx_word' id='word_1_174' title='bbox 1067 3081 1098 3115; x_wconf 92' lang='lat' dir='ltr'>so</span> <span class='ocrx_word' id='word_1_175' title='bbox 1107 3065 1250 3115; x_wconf 76' lang='lat' dir='ltr'>kennman</span> 
     </span>
     <span class='ocr_line' id='line_1_22' title="bbox 101 3151 1251 3221; baseline -0.003 -17"><span class='ocrx_word' id='word_1_176' title='bbox 101 3155 145 3220; x_wconf 85' lang='lat' dir='ltr'>„in</span> <span class='ocrx_word' id='word_1_177' title='bbox 173 3153 338 3221; x_wconf 75' lang='lat' dir='ltr'>Proserpina,</span> <span class='ocrx_word' id='word_1_178' title='bbox 367 3153 473 3203; x_wconf 82' lang='lat' dir='ltr'>obwohl</span> <span class='ocrx_word' id='word_1_179' title='bbox 497 3154 580 3203; x_wconf 78' lang='lat' dir='ltr'>Varro</span> <span class='ocrx_word' id='word_1_180' title='bbox 599 3151 645 3219; x_wconf 88' lang='lat' dir='ltr'>(de</span> <span class='ocrx_word' id='word_1_181' title='bbox 664 3152 710 3204; x_wconf 92' lang='lat' dir='ltr'><strong>l.l.</strong></span> <span class='ocrx_word' id='word_1_182' title='bbox 731 3163 755 3217; x_wconf 84' lang='lat'>5.</span> <span class='ocrx_word' id='word_1_183' title='bbox 765 3152 812 3220; x_wconf 88' lang='lat'>68)</span> <span class='ocrx_word' id='word_1_184' title='bbox 829 3153 882 3202; x_wconf 90' lang='lat' dir='ltr'>den</span> <span class='ocrx_word' id='word_1_185' title='bbox 901 3153 1003 3203; x_wconf 79' lang='lat' dir='ltr'>Namen</span> <span class='ocrx_word' id='word_1_186' title='bbox 1022 3168 1075 3202; x_wconf 86' lang='lat' dir='ltr'>von</span> <span class='ocrx_word' id='word_1_187' title='bbox 1095 3167 1251 3218; x_wconf 86' lang='lat' dir='ltr'>proserpere</span> 
     </span>
     <span class='ocr_line' id='line_1_23' title="bbox 100 3227 1250 3308; baseline -0.003 -17"><span class='ocrx_word' id='word_1_188' title='bbox 100 3241 249 3308; x_wconf 81' lang='lat' dir='ltr'>„ableitere,</span> <span class='ocrx_word' id='word_1_189' title='bbox 277 3256 327 3290; x_wconf 88' lang='lat' dir='ltr'>nur</span> <span class='ocrx_word' id='word_1_190' title='bbox 351 3241 410 3290; x_wconf 87' lang='lat' dir='ltr'>eine</span> <span class='ocrx_word' id='word_1_191' title='bbox 429 3241 589 3305; x_wconf 83' lang='lat' dir='ltr'>Zustutzung</span> <span class='ocrx_word' id='word_1_192' title='bbox 608 3239 664 3289; x_wconf 92' lang='lat' dir='ltr'>und</span> <span class='ocrx_word' id='word_1_193' title='bbox 681 3239 805 3289; x_wconf 82' lang='lat' dir='ltr'>iautliche</span> <span class='ocrx_word' id='word_1_194' title='bbox 824 3227 986 3305; x_wconf 79' lang='lat' dir='ltr'>Anpassnng</span> <span class='ocrx_word' id='word_1_195' title='bbox 1004 3239 1050 3289; x_wconf 90' lang='lat' dir='ltr'>des</span> <span class='ocrx_word' id='word_1_196' title='bbox 1068 3238 1250 3304; x_wconf 86' lang='lat' dir='ltr'>griechischen</span> 
     </span>
     <span class='ocr_line' id='line_1_24' title="bbox 99 3325 1249 3395; baseline 0 -20"><span class='ocrx_word' id='word_1_197' title='bbox 99 3327 257 3394; x_wconf 71' lang='grc' dir='ltr'><em>,Περσεφόνη</em></span> <span class='ocrx_word' id='word_1_198' title='bbox 276 3328 419 3395; x_wconf 75' lang='grc' dir='ltr'><em>ειΙιεειιιεω,</em></span> <span class='ocrx_word' id='word_1_199' title='bbox 437 3327 492 3377; x_wconf 90' lang='lat' dir='ltr'>und</span> <span class='ocrx_word' id='word_1_200' title='bbox 511 3328 571 3378; x_wconf 84' lang='lat' dir='ltr'>dass</span> <span class='ocrx_word' id='word_1_201' title='bbox 589 3327 632 3377; x_wconf 90' lang='lat' dir='ltr'>die</span> <span class='ocrx_word' id='word_1_202' title='bbox 652 3328 750 3376; x_wconf 76' lang='lat' dir='ltr'>Romer</span> <span class='ocrx_word' id='word_1_203' title='bbox 768 3326 851 3376; x_wconf 82' lang='lat' dir='ltr'>selbst</span> <span class='ocrx_word' id='word_1_204' title='bbox 868 3327 915 3377; x_wconf 92' lang='lat' dir='ltr'>ihn</span> <span class='ocrx_word' id='word_1_205' title='bbox 931 3327 970 3376; x_wconf 83' lang='lat' dir='ltr'>als</span> <span class='ocrx_word' id='word_1_206' title='bbox 979 3327 1058 3376; x_wconf 90' lang='lat' dir='ltr'>einen</span> <span class='ocrx_word' id='word_1_207' title='bbox 1067 3325 1249 3390; x_wconf 87' lang='lat' dir='ltr'>griechischen</span> 
     </span>
     <span class='ocr_line' id='line_1_25' title="bbox 103 3412 1251 3482; baseline -0.001 -19"><span class='ocrx_word' id='word_1_208' title='bbox 103 3414 288 3482; x_wconf 81' lang='lat' dir='ltr'>„empianden,</span> <span class='ocrx_word' id='word_1_209' title='bbox 315 3416 378 3480; x_wconf 87' lang='lat' dir='ltr'>geht</span> <span class='ocrx_word' id='word_1_210' title='bbox 405 3415 497 3465; x_wconf 83' lang='lat' dir='ltr'>daraus</span> <span class='ocrx_word' id='word_1_211' title='bbox 523 3415 627 3482; x_wconf 81' lang='lat' dir='ltr'>hervor,</span> <span class='ocrx_word' id='word_1_212' title='bbox 653 3413 713 3464; x_wconf 82' lang='lat' dir='ltr'>dass</span> <span class='ocrx_word' id='word_1_213' title='bbox 740 3413 778 3464; x_wconf 90' lang='lat' dir='ltr'>sie</span> <span class='ocrx_word' id='word_1_214' title='bbox 798 3429 825 3463; x_wconf 90' lang='lat' dir='ltr'>es</span> <span class='ocrx_word' id='word_1_215' title='bbox 844 3414 885 3463; x_wconf 86' lang='lat' dir='ltr'>fiir</span> <span class='ocrx_word' id='word_1_216' title='bbox 903 3413 1057 3478; x_wconf 87' lang='lat' dir='ltr'>notwendig</span> <span class='ocrx_word' id='word_1_217' title='bbox 1074 3413 1185 3479; x_wconf 88' lang='lat' dir='ltr'>hielten,</span> <span class='ocrx_word' id='word_1_218' title='bbox 1203 3412 1251 3462; x_wconf 91' lang='lat' dir='ltr'>ihn</span> 
     </span>
     <span class='ocr_line' id='line_1_26' title="bbox 102 3499 1250 3568; baseline -0.002 -17"><span class='ocrx_word' id='word_1_219' title='bbox 102 3502 175 3568; x_wconf 85' lang='lat' dir='ltr'>„sich</span> <span class='ocrx_word' id='word_1_220' title='bbox 202 3501 284 3552; x_wconf 89' lang='lat' dir='ltr'>durch</span> <span class='ocrx_word' id='word_1_221' title='bbox 312 3502 515 3568; x_wconf 87' lang='lat' dir='ltr'>Gleichsetzung</span> <span class='ocrx_word' id='word_1_222' title='bbox 543 3501 589 3552; x_wconf 88' lang='lat' dir='ltr'>der</span> <span class='ocrx_word' id='word_1_223' title='bbox 616 3500 710 3551; x_wconf 81' lang='lat' dir='ltr'>Gottin</span> <span class='ocrx_word' id='word_1_224' title='bbox 737 3502 785 3550; x_wconf 87' lang='lat' dir='ltr'>mit</span> <span class='ocrx_word' id='word_1_225' title='bbox 813 3501 858 3551; x_wconf 88' lang='lat' dir='ltr'>der</span> <span class='ocrx_word' id='word_1_226' title='bbox 877 3499 1084 3551; x_wconf 87' lang='lat' dir='ltr'>einheimischen</span> <span class='ocrx_word' id='word_1_227' title='bbox 1104 3499 1201 3550; x_wconf 82' lang='lat' dir='ltr'>Libera</span> <span class='ocrx_word' id='word_1_228' title='bbox 1219 3515 1250 3549; x_wconf 84' lang='lat' dir='ltr'>zu</span> 
     </span>
     <span class='ocr_line' id='line_1_27' title="bbox 102 3586 1250 3656; baseline -0.003 -17"><span class='ocrx_word' id='word_1_229' title='bbox 102 3588 371 3655; x_wconf 79' lang='lat' dir='ltr'>„verdolmetschen’&#39;.</span> <span class='ocrx_word' id='word_1_230' title='bbox 399 3588 445 3656; x_wconf 83' lang='lat' dir='ltr'>(ci.</span> <span class='ocrx_word' id='word_1_231' title='bbox 473 3589 528 3640; x_wconf 90' lang='lat' dir='ltr'>Cic.</span> <span class='ocrx_word' id='word_1_232' title='bbox 550 3589 577 3638; x_wconf 91' lang='lat' dir='ltr'>in</span> <span class='ocrx_word' id='word_1_233' title='bbox 596 3589 705 3638; x_wconf 88' lang='lat' dir='ltr'>Verrem</span> <span class='ocrx_word' id='word_1_234' title='bbox 720 3602 745 3650; x_wconf 88' lang='lat'>4.</span> <span class='ocrx_word' id='word_1_235' title='bbox 761 3587 824 3637; x_wconf 85' lang='lat'>106:</span> <span class='ocrx_word' id='word_1_236' title='bbox 846 3587 926 3654; x_wconf 79' lang='lat' dir='ltr'>„[ipsi</span> <span class='ocrx_word' id='word_1_237' title='bbox 946 3587 1028 3638; x_wconf 88' lang='lat' dir='ltr'>Siculi</span> <span class='ocrx_word' id='word_1_238' title='bbox 1046 3588 1205 3638; x_wconf 80' lang='lat' dir='ltr'>arbitrantur</span> <span class='ocrx_word' id='word_1_239' title='bbox 1223 3586 1250 3636; x_wconf 90' lang='lat' dir='ltr'>in</span> 
     </span>
     <span class='ocr_line' id='line_1_28' title="bbox 99 3673 1249 3742; baseline -0.002 -16"><span class='ocrx_word' id='word_1_240' title='bbox 99 3675 216 3742; x_wconf 82' lang='lat' dir='ltr'>„Sieilia]</span> <span class='ocrx_word' id='word_1_241' title='bbox 245 3683 271 3725; x_wconf 87' lang='lat' dir='ltr'>et</span> <span class='ocrx_word' id='word_1_242' title='bbox 288 3682 390 3740; x_wconf 82' lang='lat' dir='ltr'>raptam</span> <span class='ocrx_word' id='word_1_243' title='bbox 409 3691 465 3726; x_wconf 89' lang='lat' dir='ltr'>esse</span> <span class='ocrx_word' id='word_1_244' title='bbox 485 3677 615 3742; x_wconf 79' lang='lat' dir='ltr'>Liberam,</span> <span class='ocrx_word' id='word_1_245' title='bbox 635 3692 714 3741; x_wconf 81' lang='lat' dir='ltr'><strong>quam</strong></span> <span class='ocrx_word' id='word_1_246' title='bbox 733 3675 844 3725; x_wconf 86' lang='lat' dir='ltr'>eandem</span> <span class='ocrx_word' id='word_1_247' title='bbox 862 3675 1046 3740; x_wconf 76' lang='lat' dir='ltr'>Proserpinam</span> <span class='ocrx_word' id='word_1_248' title='bbox 1064 3673 1188 3726; x_wconf 80' lang='lat' dir='ltr'>vocant”.</span> <span class='ocrx_word' id='word_1_249' title='bbox 1207 3675 1249 3724; x_wconf 89' lang='lat' dir='ltr'>De</span> 
     </span>
     <span class='ocr_line' id='line_1_29' title="bbox 97 3760 677 3829; baseline 0 -17"><span class='ocrx_word' id='word_1_250' title='bbox 97 3762 194 3812; x_wconf 76' lang='lat' dir='ltr'>Libere</span> <span class='ocrx_word' id='word_1_251' title='bbox 212 3761 245 3811; x_wconf 84' lang='lat' dir='ltr'>ci.</span> <span class='ocrx_word' id='word_1_252' title='bbox 264 3762 394 3812; x_wconf 80' lang='lat' dir='ltr'>Wissowa</span> <span class='ocrx_word' id='word_1_253' title='bbox 412 3762 458 3813; x_wconf 88' lang='lat' dir='ltr'>l.i.</span> <span class='ocrx_word' id='word_1_254' title='bbox 477 3779 505 3828; x_wconf 93' lang='lat' dir='ltr'>p.</span> <span class='ocrx_word' id='word_1_255' title='bbox 525 3775 576 3825; x_wconf 88' lang='lat'>242</span> <span class='ocrx_word' id='word_1_256' title='bbox 596 3760 677 3829; x_wconf 91' lang='lat' dir='ltr'><strong>sqq.).</strong></span> 
     </span>
    </p>

    <p class='ocr_par' dir='ltr' id='par_1_8' title="bbox 42 3843 1252 4602">
     <span class='ocr_line' id='line_1_30' title="bbox 128 3843 1250 3915; baseline 0.001 -18"><span class='ocrx_word' id='word_1_257' title='bbox 128 3848 170 3897; x_wconf 91' lang='lat' dir='ltr'>De</span> <span class='ocrx_word' id='word_1_258' title='bbox 190 3847 351 3915; x_wconf 86' lang='lat' dir='ltr'>nominibus,</span> <span class='ocrx_word' id='word_1_259' title='bbox 370 3864 437 3914; x_wconf 85' lang='lat' dir='ltr'>quae</span> <span class='ocrx_word' id='word_1_260' title='bbox 455 3855 517 3899; x_wconf 90' lang='lat' dir='ltr'>sunt</span> <span class='ocrx_word' id='word_1_261' title='bbox 534 3843 657 3896; x_wconf 85' lang='grc' dir='ltr'><em>Πλούτων</em></span> <span class='ocrx_word' id='word_1_262' title='bbox 676 3855 702 3898; x_wconf 90' lang='lat' dir='ltr'>et</span> <span class='ocrx_word' id='word_1_263' title='bbox 720 3848 780 3914; x_wconf 84' lang='lat' dir='ltr'>Dis,</span> <span class='ocrx_word' id='word_1_264' title='bbox 789 3848 822 3898; x_wconf 87' lang='lat' dir='ltr'>cf.</span> <span class='ocrx_word' id='word_1_265' title='bbox 833 3855 968 3915; x_wconf 84' lang='lat' dir='ltr'>praeterea</span> <span class='ocrx_word' id='word_1_266' title='bbox 978 3847 1250 3899; x_wconf 80' lang='lat' dir='ltr'>SocratesinPlaton.</span> 
     </span>
     <span class='ocr_line' id='line_1_31' title="bbox 100 3931 1250 4000; baseline -0.005 -14"><span class='ocrx_word' id='word_1_267' title='bbox 100 3935 207 4000; x_wconf 82' lang='lat' dir='ltr'>Cratylo</span> <span class='ocrx_word' id='word_1_268' title='bbox 226 3946 278 3998; x_wconf 84' lang='lat'>403</span> <span class='ocrx_word' id='word_1_269' title='bbox 294 3937 328 3985; x_wconf 71' lang='lat' dir='ltr'>h:</span> <span class='ocrx_word' id='word_1_270' title='bbox 348 3933 379 3982; x_wconf 79' lang='grc' dir='ltr'><em>τὸ</em></span> <span class='ocrx_word' id='word_1_271' title='bbox 405 3932 432 3982; x_wconf 79' lang='grc' dir='ltr'>δδ</span> <span class='ocrx_word' id='word_1_272' title='bbox 456 3931 614 3991; x_wconf 76' lang='grc' dir='ltr'><em>Πλούτωνος,</em></span> <span class='ocrx_word' id='word_1_273' title='bbox 639 3935 718 3982; x_wconf 82' lang='grc' dir='ltr'><em>τούτο</em></span> <span class='ocrx_word' id='word_1_274' title='bbox 744 3933 790 3995; x_wconf 79' lang='grc' dir='ltr'>μδν</span> <span class='ocrx_word' id='word_1_275' title='bbox 815 3933 884 3982; x_wconf 68' lang='lat' dir='ltr'>narie</span> <span class='ocrx_word' id='word_1_276' title='bbox 909 3932 956 3989; x_wconf 76' lang='grc' dir='ltr'><em>την</em></span> <span class='ocrx_word' id='word_1_277' title='bbox 976 3935 1023 3983; x_wconf 83' lang='grc' dir='ltr'><em>τού</em></span> <span class='ocrx_word' id='word_1_278' title='bbox 1040 3931 1154 3983; x_wconf 87' lang='grc' dir='ltr'><em>τλούτοιι</em></span> <span class='ocrx_word' id='word_1_279' title='bbox 1173 3931 1250 3990; x_wconf 85' lang='grc' dir='ltr'><em>δύσιν,</em></span> 
     </span>
     <span class='ocr_line' id='line_1_32' title="bbox 99 4014 1251 4089; baseline 0.003 -20"><span class='ocrx_word' id='word_1_280' title='bbox 99 4019 139 4070; x_wconf 67' lang='lat' dir='ltr'>irc</span> <span class='ocrx_word' id='word_1_281' title='bbox 167 4017 195 4068; x_wconf 86' lang='grc' dir='ltr'><em>ιἰιι</em></span> <span class='ocrx_word' id='word_1_282' title='bbox 221 4021 269 4076; x_wconf 71' lang='grc' dir='ltr'>τῆς</span> <span class='ocrx_word' id='word_1_283' title='bbox 294 4021 342 4083; x_wconf 70' lang='grc' dir='ltr'><em>γης</em></span> <span class='ocrx_word' id='word_1_284' title='bbox 365 4017 474 4068; x_wconf 79' lang='grc' dir='ltr'><em>κύτωύεν</em></span> <span class='ocrx_word' id='word_1_285' title='bbox 495 4018 593 4068; x_wconf 77' lang='grc' dir='ltr'><em>ἀνύεται</em></span> <span class='ocrx_word' id='word_1_286' title='bbox 611 4017 624 4067; x_wconf 81' lang='grc' dir='ltr'><em>ὁ</em></span> <span class='ocrx_word' id='word_1_287' title='bbox 642 4021 761 4077; x_wconf 82' lang='grc' dir='ltr'><em>τλούτος,</em></span> <span class='ocrx_word' id='word_1_288' title='bbox 779 4014 948 4080; x_wconf 75' lang='grc' dir='ltr'><em>ἔτιονομύσύη.</em></span> <span class='ocrx_word' id='word_1_289' title='bbox 965 4021 1034 4089; x_wconf 91' lang='lat' dir='ltr'>(Cic.</span> <span class='ocrx_word' id='word_1_290' title='bbox 1053 4022 1085 4072; x_wconf 88' lang='lat' dir='ltr'>de</span> <span class='ocrx_word' id='word_1_291' title='bbox 1104 4029 1159 4072; x_wconf 83' lang='lat' dir='ltr'>nat.</span> <span class='ocrx_word' id='word_1_292' title='bbox 1178 4022 1251 4072; x_wconf 88' lang='lat' dir='ltr'>deor.</span> 
     </span>
     <span class='ocr_line' id='line_1_33' title="bbox 97 4105 1250 4176; baseline 0.001 -19"><span class='ocrx_word' id='word_1_293' title='bbox 97 4120 122 4157; x_wconf 85' lang='lat'>2.</span> <span class='ocrx_word' id='word_1_294' title='bbox 133 4105 176 4157; x_wconf 85' lang='lat'>26.</span> <span class='ocrx_word' id='word_1_295' title='bbox 187 4105 237 4156; x_wconf 88' lang='lat'>66:</span> <span class='ocrx_word' id='word_1_296' title='bbox 255 4106 371 4156; x_wconf 80' lang='lat' dir='ltr'>Terrena</span> <span class='ocrx_word' id='word_1_297' title='bbox 388 4112 475 4156; x_wconf 80' lang='lat' dir='ltr'>autem</span> <span class='ocrx_word' id='word_1_298' title='bbox 493 4107 533 4155; x_wconf 86' lang='lat' dir='ltr'>vis</span> <span class='ocrx_word' id='word_1_299' title='bbox 551 4112 630 4173; x_wconf 87' lang='lat' dir='ltr'>atque</span> <span class='ocrx_word' id='word_1_300' title='bbox 649 4113 741 4157; x_wconf 87' lang='lat' dir='ltr'>natura</span> <span class='ocrx_word' id='word_1_301' title='bbox 756 4106 814 4156; x_wconf 86' lang='lat' dir='ltr'>Diti</span> <span class='ocrx_word' id='word_1_302' title='bbox 830 4108 899 4174; x_wconf 80' lang='lat' dir='ltr'>patri</span> <span class='ocrx_word' id='word_1_303' title='bbox 915 4108 1035 4159; x_wconf 83' lang='lat' dir='ltr'>dedicata</span> <span class='ocrx_word' id='word_1_304' title='bbox 1044 4116 1092 4176; x_wconf 78' lang='lat' dir='ltr'>est,</span> <span class='ocrx_word' id='word_1_305' title='bbox 1102 4109 1149 4175; x_wconf 90' lang='lat' dir='ltr'>qui</span> <span class='ocrx_word' id='word_1_306' title='bbox 1159 4109 1250 4175; x_wconf 85' lang='lat' dir='ltr'>Dives,</span> 
     </span>
     <span class='ocr_line' id='line_1_34' title="bbox 98 4190 1252 4261; baseline 0.002 -19"><span class='ocrx_word' id='word_1_307' title='bbox 98 4200 126 4242; x_wconf 79' lang='lat' dir='ltr'>ut</span> <span class='ocrx_word' id='word_1_308' title='bbox 151 4191 222 4258; x_wconf 84' lang='lat' dir='ltr'>apud</span> <span class='ocrx_word' id='word_1_309' title='bbox 242 4191 356 4242; x_wconf 82' lang='lat' dir='ltr'>Graecos</span> <span class='ocrx_word' id='word_1_310' title='bbox 373 4190 496 4239; x_wconf 78' lang='grc' dir='ltr'><em>Πλούτων</em></span> <span class='ocrx_word' id='word_1_311' title='bbox 514 4191 610 4259; x_wconf 88' lang='lat' dir='ltr'>[dictus</span> <span class='ocrx_word' id='word_1_312' title='bbox 630 4192 690 4260; x_wconf 75' lang='lat' dir='ltr'>est],</span> <span class='ocrx_word' id='word_1_313' title='bbox 709 4195 772 4261; x_wconf 86' lang='lat' dir='ltr'>quia</span> <span class='ocrx_word' id='word_1_314' title='bbox 791 4202 818 4245; x_wconf 87' lang='lat' dir='ltr'>et</span> <span class='ocrx_word' id='word_1_315' title='bbox 836 4194 954 4245; x_wconf 78' lang='lat' dir='ltr'>recident</span> <span class='ocrx_word' id='word_1_316' title='bbox 971 4195 1060 4246; x_wconf 84' lang='lat' dir='ltr'>omnia</span> <span class='ocrx_word' id='word_1_317' title='bbox 1077 4195 1105 4245; x_wconf 94' lang='lat' dir='ltr'>in</span> <span class='ocrx_word' id='word_1_318' title='bbox 1124 4202 1205 4245; x_wconf 82' lang='lat' dir='ltr'>terras</span> <span class='ocrx_word' id='word_1_319' title='bbox 1225 4200 1252 4244; x_wconf 89' lang='lat' dir='ltr'>et</span> 
     </span>
     <span class='ocr_line' id='line_1_35' title="bbox 42 4272 1249 4362; baseline 0.002 -34"><span class='ocrx_word' id='word_1_320' title='bbox 42 4345 49 4362; x_wconf 44' lang='lat'><strong>·</strong></span> <span class='ocrx_word' id='word_1_321' title='bbox 100 4278 217 4328; x_wconf 80' lang='lat' dir='ltr'>oriantur</span> <span class='ocrx_word' id='word_1_322' title='bbox 244 4294 259 4327; x_wconf 87' lang='lat' dir='ltr'>e</span> <span class='ocrx_word' id='word_1_323' title='bbox 283 4277 379 4345; x_wconf 89' lang='lat' dir='ltr'>terris.)</span> <span class='ocrx_word' id='word_1_324' title='bbox 398 4285 424 4328; x_wconf 85' lang='lat' dir='ltr'>et</span> <span class='ocrx_word' id='word_1_325' title='bbox 442 4290 493 4342; x_wconf 87' lang='lat'>403</span> <span class='ocrx_word' id='word_1_326' title='bbox 505 4279 537 4347; x_wconf 79' lang='lat' dir='ltr'>E,</span> <span class='ocrx_word' id='word_1_327' title='bbox 555 4280 601 4330; x_wconf 88' lang='lat' dir='ltr'>ubi</span> <span class='ocrx_word' id='word_1_328' title='bbox 620 4279 739 4332; x_wconf 85' lang='lat' dir='ltr'>Socrates</span> <span class='ocrx_word' id='word_1_329' title='bbox 757 4297 853 4332; x_wconf 90' lang='lat' dir='ltr'>nomen</span> <span class='ocrx_word' id='word_1_330' title='bbox 872 4282 908 4332; x_wconf 77' lang='lat' dir='ltr'>ita</span> <span class='ocrx_word' id='word_1_331' title='bbox 927 4283 1057 4348; x_wconf 86' lang='lat' dir='ltr'>explicat:</span> <span class='ocrx_word' id='word_1_332' title='bbox 1076 4279 1090 4329; x_wconf 80' lang='grc' dir='ltr'><em>ύ</em></span> <span class='ocrx_word' id='word_1_333' title='bbox 1106 4278 1158 4336; x_wconf 76' lang='grc' dir='ltr'><em>θεὸς</em></span> <span class='ocrx_word' id='word_1_334' title='bbox 1175 4272 1249 4338; x_wconf 83' lang='grc' dir='ltr'><em>ούτος</em></span> 
     </span>
     <span class='ocr_line' id='line_1_36' title="bbox 103 4362 1251 4433; baseline 0.007 -21"><span class='ocrx_word' id='word_1_335' title='bbox 103 4365 191 4421; x_wconf 78' lang='grc' dir='ltr'><em>τύλεος</em></span> <span class='ocrx_word' id='word_1_336' title='bbox 208 4362 334 4426; x_wconf 73' lang='grc' dir='ltr'><em>σοφιστής</em></span> <span class='ocrx_word' id='word_1_337' title='bbox 353 4379 382 4412; x_wconf 83' lang='grc' dir='ltr'>τε</span> <span class='ocrx_word' id='word_1_338' title='bbox 398 4362 442 4412; x_wconf 76' lang='grc' dir='ltr'><em>ιιοιῖ</em></span> <span class='ocrx_word' id='word_1_339' title='bbox 458 4362 541 4427; x_wconf 75' lang='grc' dir='ltr'><em>μύγιις</em></span> <span class='ocrx_word' id='word_1_340' title='bbox 558 4363 692 4430; x_wconf 78' lang='grc' dir='ltr'><em>εύεργύτης</em></span> <span class='ocrx_word' id='word_1_341' title='bbox 709 4373 758 4417; x_wconf 74' lang='grc' dir='ltr'><em>τῶν</em></span> <span class='ocrx_word' id='word_1_342' title='bbox 776 4368 834 4429; x_wconf 79' lang='grc' dir='ltr'><em>παρ’</em></span> <span class='ocrx_word' id='word_1_343' title='bbox 851 4365 929 4432; x_wconf 75' lang='grc' dir='ltr'><em>αύτῷ,</em></span> <span class='ocrx_word' id='word_1_344' title='bbox 947 4367 973 4426; x_wconf 75' lang='grc' dir='ltr'><em>ύς</em></span> <span class='ocrx_word' id='word_1_345' title='bbox 990 4385 1022 4433; x_wconf 80' lang='grc' dir='ltr'><em>γε</em></span> <span class='ocrx_word' id='word_1_346' title='bbox 1038 4369 1081 4419; x_wconf 76' lang='lat' dir='ltr'>nai</span> <span class='ocrx_word' id='word_1_347' title='bbox 1097 4371 1150 4428; x_wconf 77' lang='grc' dir='ltr'><em>τοῖς</em></span> <span class='ocrx_word' id='word_1_348' title='bbox 1165 4367 1251 4420; x_wconf 61' lang='lat' dir='ltr'>rurore</span> 
     </span>
     <span class='ocr_line' id='line_1_37' title="bbox 102 4444 1251 4513; baseline 0.007 -19"><span class='ocrx_word' id='word_1_349' title='bbox 102 4448 221 4495; x_wconf 86' lang='grc' dir='ltr'><em>σοσιιύτοι</em></span> <span class='ocrx_word' id='word_1_350' title='bbox 245 4444 331 4508; x_wconf 80' lang='grc' dir='ltr'><em>εἰγοιύδι</em></span> <span class='ocrx_word' id='word_1_351' title='bbox 356 4445 459 4503; x_wconf 75' lang='grc' dir='ltr'><em>ἀνίησιν</em></span> <span class='ocrx_word' id='word_1_352' title='bbox 485 4446 551 4497; x_wconf 84' lang='grc' dir='ltr'><em>ούτω</em></span> <span class='ocrx_word' id='word_1_353' title='bbox 577 4450 663 4498; x_wconf 81' lang='grc' dir='ltr'><em>τολλδι</em></span> <span class='ocrx_word' id='word_1_354' title='bbox 689 4447 758 4512; x_wconf 74' lang='grc' dir='ltr'><em>αύτῷ</em></span> <span class='ocrx_word' id='word_1_355' title='bbox 785 4451 821 4498; x_wconf 75' lang='lat' dir='ltr'>rit</span> <span class='ocrx_word' id='word_1_356' title='bbox 846 4451 963 4513; x_wconf 82' lang='grc' dir='ltr'><em>ιτεριύντοι</em></span> <span class='ocrx_word' id='word_1_357' title='bbox 989 4448 1043 4501; x_wconf 71' lang='grc' dir='ltr'><em>ἐκεῖ</em></span> <span class='ocrx_word' id='word_1_358' title='bbox 1063 4450 1129 4513; x_wconf 76' lang='grc' dir='ltr'><em>ἔστί,</em></span> <span class='ocrx_word' id='word_1_359' title='bbox 1143 4451 1189 4501; x_wconf 74' lang='lat' dir='ltr'>nai</span> <span class='ocrx_word' id='word_1_360' title='bbox 1205 4453 1251 4502; x_wconf 76' lang='grc' dir='ltr'><em>τὸν</em></span> 
     </span>
     <span class='ocr_line' id='line_1_38' title="bbox 103 4525 1251 4602; baseline 0.01 -25"><span class='ocrx_word' id='word_1_361' title='bbox 103 4525 241 4577; x_wconf 77' lang='grc' dir='ltr'><em>Πλούτωνος</em></span> <span class='ocrx_word' id='word_1_362' title='bbox 257 4527 308 4578; x_wconf 64' lang='lat' dir='ltr'>hri</span> <span class='ocrx_word' id='word_1_363' title='bbox 325 4526 420 4578; x_wconf 87' lang='grc' dir='ltr'><em>τούτοιν</em></span> <span class='ocrx_word' id='word_1_364' title='bbox 434 4526 502 4592; x_wconf 64' lang='lat' dir='ltr'>&#39;fexa</span> <span class='ocrx_word' id='word_1_365' title='bbox 512 4529 636 4591; x_wconf 76' lang='grc' dir='ltr'><em>τὸύνομοι.</em></span> <span class='ocrx_word' id='word_1_366' title='bbox 646 4535 773 4600; x_wconf 75' lang='lat' dir='ltr'>Roscher‚</span> <span class='ocrx_word' id='word_1_367' title='bbox 784 4535 848 4585; x_wconf 88' lang='lat' dir='ltr'>Lex.</span> <span class='ocrx_word' id='word_1_368' title='bbox 857 4535 884 4586; x_wconf 89' lang='lat' dir='ltr'>d.</span> <span class='ocrx_word' id='word_1_369' title='bbox 895 4536 940 4586; x_wconf 86' lang='lat' dir='ltr'>Gr.</span> <span class='ocrx_word' id='word_1_370' title='bbox 949 4551 975 4586; x_wconf 87' lang='lat' dir='ltr'>u.</span> <span class='ocrx_word' id='word_1_371' title='bbox 986 4537 1063 4586; x_wconf 75' lang='lat' dir='ltr'>Rom.</span> <span class='ocrx_word' id='word_1_372' title='bbox 1074 4536 1186 4602; x_wconf 87' lang='lat' dir='ltr'>Mythol.</span> <span class='ocrx_word' id='word_1_373' title='bbox 1197 4553 1218 4588; x_wconf 91' lang='lat' dir='ltr'>s.</span> <span class='ocrx_word' id='word_1_374' title='bbox 1225 4555 1251 4588; x_wconf 86' lang='lat' dir='ltr'>v.</span> 
     </span>
    </p>

    <p class='ocr_par' dir='ltr' id='par_1_9' title="bbox 133 4616 1251 4688">
     <span class='ocr_line' id='line_1_39' title="bbox 133 4616 1251 4688; baseline 0.006 -23"><span class='ocrx_word' id='word_1_375' title='bbox 133 4616 161 4684; x_wconf 91' lang='grc'>3)</span> <span class='ocrx_word' id='word_1_376' title='bbox 188 4617 221 4666; x_wconf 81' lang='lat' dir='ltr'>ci.</span> <span class='ocrx_word' id='word_1_377' title='bbox 245 4617 278 4666; x_wconf 89' lang='lat' dir='ltr'>de</span> <span class='ocrx_word' id='word_1_378' title='bbox 302 4618 417 4668; x_wconf 89' lang='lat' dir='ltr'>nominis</span> <span class='ocrx_word' id='word_1_379' title='bbox 442 4619 633 4684; x_wconf 86' lang='lat' dir='ltr'>significatione</span> <span class='ocrx_word' id='word_1_380' title='bbox 657 4620 728 4673; x_wconf 90' lang='lat' dir='ltr'>Socr.</span> <span class='ocrx_word' id='word_1_381' title='bbox 747 4621 775 4671; x_wconf 94' lang='lat' dir='ltr'>in</span> <span class='ocrx_word' id='word_1_382' title='bbox 795 4622 898 4672; x_wconf 86' lang='lat' dir='ltr'>Platon.</span> <span class='ocrx_word' id='word_1_383' title='bbox 916 4623 1022 4688; x_wconf 78' lang='lat' dir='ltr'>Cretylo</span> <span class='ocrx_word' id='word_1_384' title='bbox 1042 4625 1140 4686; x_wconf 84' lang='lat' dir='ltr'><em>404B:</em></span> <span class='ocrx_word' id='word_1_385' title='bbox 1158 4621 1202 4671; x_wconf 79' lang='grc' dir='ltr'><em>ιιοιδ</em></span> <span class='ocrx_word' id='word_1_386' title='bbox 1217 4625 1251 4672; x_wconf 80' lang='grc' dir='ltr'><em>τό</em></span> 
     </span>
    </p>
   </div>
   <div class='ocr_carea' id='block_1_6' title="bbox 101 4698 1249 4856">
    <p class='ocr_par' dir='ltr' id='par_1_10' title="bbox 101 4698 1249 4856">
     <span class='ocr_line' id='line_1_40' title="bbox 102 4698 1249 4769; baseline 0.007 -20"><span class='ocrx_word' id='word_1_387' title='bbox 102 4716 134 4763; x_wconf 81' lang='grc' dir='ltr'><em>γε</em></span> <span class='ocrx_word' id='word_1_388' title='bbox 158 4698 237 4762; x_wconf 70' lang='lat' dir='ltr'>oropo:</span> <span class='ocrx_word' id='word_1_389' title='bbox 263 4700 277 4750; x_wconf 80' lang='grc' dir='ltr'><em>ύ</em></span> <span class='ocrx_word' id='word_1_390' title='bbox 302 4699 399 4763; x_wconf 66' lang='grc' dir='ltr'><em>Ἅιδης,</em></span> <span class='ocrx_word' id='word_1_391' title='bbox 426 4698 444 4751; x_wconf 77' lang='grc' dir='ltr'><strong><em>ὦ</em></strong></span> <span class='ocrx_word' id='word_1_392' title='bbox 470 4703 624 4768; x_wconf 72' lang='grc' dir='ltr'><em>Ἑρμόγενες,</em></span> <span class='ocrx_word' id='word_1_393' title='bbox 649 4708 747 4755; x_wconf 84' lang='grc' dir='ltr'><em>τολλού</em></span> <span class='ocrx_word' id='word_1_394' title='bbox 770 4704 809 4755; x_wconf 74' lang='grc' dir='ltr'><em>δεῖ</em></span> <span class='ocrx_word' id='word_1_395' title='bbox 828 4705 879 4756; x_wconf 73' lang='grc' dir='ltr'>ἀπὸ</span> <span class='ocrx_word' id='word_1_396' title='bbox 896 4709 942 4757; x_wconf 84' lang='grc' dir='ltr'><em>τού</em></span> <span class='ocrx_word' id='word_1_397' title='bbox 959 4705 1056 4766; x_wconf 73' lang='grc' dir='ltr'><em>ἀειδοῦς</em></span> <span class='ocrx_word' id='word_1_398' title='bbox 1073 4706 1249 4769; x_wconf 69' lang='grc' dir='ltr'><em>ἐπωνομάσθαι</em></span> 
     </span>
     <span class='ocr_line' id='line_1_41' title="bbox 101 4783 1249 4856; baseline 0.005 -20"><span class='ocrx_word' id='word_1_399' title='bbox 101 4783 151 4855; x_wconf 87' lang='lat' dir='ltr'>(sie</span> <span class='ocrx_word' id='word_1_400' title='bbox 178 4784 204 4833; x_wconf 78' lang='grc' dir='ltr'>οἱ</span> <span class='ocrx_word' id='word_1_401' title='bbox 226 4784 321 4833; x_wconf 74' lang='grc' dir='ltr'><em>πολλοί</em></span> <span class='ocrx_word' id='word_1_402' title='bbox 342 4787 405 4840; x_wconf 90' lang='lat' dir='ltr'>ibid.</span> <span class='ocrx_word' id='word_1_403' title='bbox 425 4800 476 4852; x_wconf 86' lang='grc'>403</span> <span class='ocrx_word' id='word_1_404' title='bbox 487 4788 533 4856; x_wconf 83' lang='lat' dir='ltr'>A),</span> <span class='ocrx_word' id='word_1_405' title='bbox 559 4785 629 4837; x_wconf 67' lang='grc' dir='ltr'>ἀλλὰ</span> <span class='ocrx_word' id='word_1_406' title='bbox 656 4788 722 4837; x_wconf 77' lang='grc' dir='ltr'><em>πολύ</em></span> <span class='ocrx_word' id='word_1_407' title='bbox 750 4792 849 4849; x_wconf 72' lang='grc' dir='ltr'><em>μᾶλλον</em></span> <span class='ocrx_word' id='word_1_408' title='bbox 874 4788 924 4838; x_wconf 70' lang='lat' dir='ltr'>riri</span> <span class='ocrx_word' id='word_1_409' title='bbox 950 4792 997 4840; x_wconf 85' lang='grc' dir='ltr'><em>τού</em></span> <span class='ocrx_word' id='word_1_410' title='bbox 1019 4788 1105 4839; x_wconf 76' lang='grc' dir='ltr'><em>σύντοι</em></span> <span class='ocrx_word' id='word_1_411' title='bbox 1127 4791 1162 4840; x_wconf 65' lang='grc' dir='ltr'><em>τὰ</em></span> <span class='ocrx_word' id='word_1_412' title='bbox 1180 4791 1249 4842; x_wconf 65' lang='grc' dir='ltr'>καλὲ</span> 
     </span>
    </p>
   </div>
   <div class='ocr_carea' id='block_1_7' title="bbox 0 0 1573 5476">
    <p class='ocr_par' dir='ltr' id='par_1_11' title="bbox 0 0 1573 5476">
     <span class='ocr_line' id='line_1_42' title="bbox 0 0 1573 5476; baseline 0 0"><span class='ocrx_word' id='word_1_413' title='bbox 0 0 1573 5476; x_wconf 95' lang='lat' dir='ltr'> </span> 
     </span>
    </p>
   </div>
  </div>
 </body>
</html>
