<?xml version="1.0" encoding="UTF-8"?>
<!DOCTYPE html PUBLIC "-//W3C//DTD XHTML 1.0 Transitional//EN"
    "http://www.w3.org/TR/xhtml1/DTD/xhtml1-transitional.dtd">
<html xmlns="http://www.w3.org/1999/xhtml" xml:lang="en" lang="en">
 <head>
  <title>
</title>
<meta http-equiv="Content-Type" content="text/html;charset=utf-8" />
  <meta name='ocr-system' content='tesseract 3.04.00' />
  <meta name='ocr-capabilities' content='ocr_page ocr_carea ocr_par ocr_line ocrx_word'/>
</head>
<body>
  <div class='ocr_page' id='page_1' title='image "./quaedehominumpo00bleegoog_0086.png"; bbox 0 0 3134 5476; ppageno 0'>
   <div class='ocr_carea' id='block_1_1' title="bbox 761 354 802 441">
    <p class='ocr_par' dir='ltr' id='par_1_1' title="bbox 761 354 802 441">
     <span class='ocr_line' id='line_1_1' title="bbox 761 354 802 441; baseline 0 0"><span class='ocrx_word' id='word_1_1' title='bbox 761 354 802 441; x_wconf 83' lang='lat'>6³</span> 
     </span>
    </p>
   </div>
   <div class='ocr_carea' id='block_1_2' title="bbox 205 539 1413 624">
    <p class='ocr_par' dir='ltr' id='par_1_2' title="bbox 205 539 1413 624">
     <span class='ocr_line' id='line_1_2' title="bbox 205 539 1413 624; baseline -0.003 -17"><span class='ocrx_word' id='word_1_2' title='bbox 205 540 357 607; x_wconf 89' lang='lat' dir='ltr'>Graecos</span> <span class='ocrx_word' id='word_1_3' title='bbox 382 544 501 606; x_wconf 89' lang='lat' dir='ltr'>tertius</span> <span class='ocrx_word' id='word_1_4' title='bbox 525 551 576 606; x_wconf 89' lang='lat' dir='ltr'>est</span> <span class='ocrx_word' id='word_1_5' title='bbox 599 540 702 606; x_wconf 84' lang='lat' dir='ltr'>irater</span> <span class='ocrx_word' id='word_1_6' title='bbox 723 543 823 618; x_wconf 90' lang='lat' dir='ltr'>Iovis,</span> <span class='ocrx_word' id='word_1_7' title='bbox 849 541 951 606; x_wconf 94' lang='lat' dir='ltr'>Croni</span> <span class='ocrx_word' id='word_1_8' title='bbox 975 549 1010 604; x_wconf 91' lang='lat' dir='ltr'>et</span> <span class='ocrx_word' id='word_1_9' title='bbox 1034 540 1152 605; x_wconf 84' lang='lat' dir='ltr'>Rheae</span> <span class='ocrx_word' id='word_1_10' title='bbox 1177 539 1274 617; x_wconf 88' lang='lat' dir='ltr'>filius,</span> <span class='ocrx_word' id='word_1_11' title='bbox 1299 541 1357 624; x_wconf 92' lang='lat' dir='ltr'>qui</span> <span class='ocrx_word' id='word_1_12' title='bbox 1411 597 1413 602; x_wconf 86' lang='lat'>.</span> 
     </span>
    </p>
   </div>
   <div class='ocr_carea' id='block_1_3' title="bbox 185 660 1358 749">
    <p class='ocr_par' dir='ltr' id='par_1_3' title="bbox 185 660 1358 749">
     <span class='ocr_line' id='line_1_3' title="bbox 185 660 1358 749; baseline -0.002 -23"><span class='ocrx_word' id='word_1_13' title='bbox 185 741 189 749; x_wconf 31' lang='grc'><strong><em>1</em></strong></span> <span class='ocrx_word' id='word_1_14' title='bbox 207 665 243 728; x_wconf 86' lang='grc'>111</span> <span class='ocrx_word' id='word_1_15' title='bbox 264 663 381 727; x_wconf 94' lang='lat' dir='ltr'>mundi</span> <span class='ocrx_word' id='word_1_16' title='bbox 394 684 500 747; x_wconf 88' lang='lat' dir='ltr'>regno</span> <span class='ocrx_word' id='word_1_17' title='bbox 513 662 740 726; x_wconf 91' lang='lat' dir='ltr'>describendo</span> <span class='ocrx_word' id='word_1_18' title='bbox 753 662 937 726; x_wconf 80' lang='lat' dir='ltr'>inferorum</span> <span class='ocrx_word' id='word_1_19' title='bbox 952 682 1094 745; x_wconf 86' lang='lat' dir='ltr'>regnum</span> <span class='ocrx_word' id='word_1_20' title='bbox 1107 663 1245 726; x_wconf 90' lang='lat' dir='ltr'>sortitus</span> <span class='ocrx_word' id='word_1_21' title='bbox 1258 670 1310 725; x_wconf 91' lang='lat' dir='ltr'>est</span> <span class='ocrx_word' id='word_1_22' title='bbox 1325 660 1358 744; x_wconf 89' lang='lat'>¹).</span> 
     </span>
    </p>
   </div>
   <div class='ocr_carea' id='block_1_4' title="bbox 205 782 1361 3395">
    <p class='ocr_par' dir='ltr' id='par_1_4' title="bbox 205 782 1361 987">
     <span class='ocr_line' id='line_1_4' title="bbox 252 782 1360 866; baseline -0.002 -19"><span class='ocrx_word' id='word_1_23' title='bbox 252 783 291 847; x_wconf 96' lang='lat' dir='ltr'>In</span> <span class='ocrx_word' id='word_1_24' title='bbox 316 782 407 847; x_wconf 92' lang='lat' dir='ltr'>cultu</span> <span class='ocrx_word' id='word_1_25' title='bbox 432 783 666 846; x_wconf 89' lang='lat' dir='ltr'>Romanorum</span> <span class='ocrx_word' id='word_1_26' title='bbox 691 783 753 845; x_wconf 94' lang='lat' dir='ltr'>Dis</span> <span class='ocrx_word' id='word_1_27' title='bbox 776 791 811 846; x_wconf 92' lang='lat' dir='ltr'>et</span> <span class='ocrx_word' id='word_1_28' title='bbox 836 782 1037 866; x_wconf 87' lang='lat' dir='ltr'>Proserpina</span> <span class='ocrx_word' id='word_1_29' title='bbox 1061 783 1176 865; x_wconf 88' lang='lat' dir='ltr'>magni</span> <span class='ocrx_word' id='word_1_30' title='bbox 1196 782 1360 845; x_wconf 88' lang='lat' dir='ltr'>momenti</span> 
     </span>
     <span class='ocr_line' id='line_1_5' title="bbox 205 899 1361 987; baseline 0 -22"><span class='ocrx_word' id='word_1_31' title='bbox 205 924 274 966; x_wconf 93' lang='lat' dir='ltr'>non</span> <span class='ocrx_word' id='word_1_32' title='bbox 300 903 452 980; x_wconf 85' lang='lat' dir='ltr'>fuerunt;</span> <span class='ocrx_word' id='word_1_33' title='bbox 477 903 569 987; x_wconf 93' lang='lat' dir='ltr'>apud</span> <span class='ocrx_word' id='word_1_34' title='bbox 595 910 715 987; x_wconf 89' lang='lat' dir='ltr'>poetas</span> <span class='ocrx_word' id='word_1_35' title='bbox 735 911 770 966; x_wconf 94' lang='lat' dir='ltr'>et</span> <span class='ocrx_word' id='word_1_36' title='bbox 789 904 822 966; x_wconf 93' lang='lat' dir='ltr'>in</span> <span class='ocrx_word' id='word_1_37' title='bbox 835 901 943 966; x_wconf 91' lang='lat' dir='ltr'>titulis</span> <span class='ocrx_word' id='word_1_38' title='bbox 963 922 1066 985; x_wconf 88' lang='lat' dir='ltr'>saepe</span> <span class='ocrx_word' id='word_1_39' title='bbox 1080 911 1312 965; x_wconf 88' lang='lat' dir='ltr'>memorantur</span> <span class='ocrx_word' id='word_1_40' title='bbox 1326 899 1361 985; x_wconf 86' lang='lat'>²).</span> 
     </span>
    </p>

    <p class='ocr_par' dir='ltr' id='par_1_5' title="bbox 252 1022 849 1087">
     <span class='ocr_line' id='line_1_6' title="bbox 252 1022 849 1087; baseline 0.003 -2"><span class='ocrx_word' id='word_1_41' title='bbox 252 1022 292 1086; x_wconf 97' lang='lat' dir='ltr'>In</span> <span class='ocrx_word' id='word_1_42' title='bbox 317 1023 369 1087; x_wconf 93' lang='lat' dir='ltr'>his</span> <span class='ocrx_word' id='word_1_43' title='bbox 393 1023 500 1087; x_wconf 91' lang='lat' dir='ltr'>titulis</span> <span class='ocrx_word' id='word_1_44' title='bbox 524 1023 614 1086; x_wconf 87' lang='lat' dir='ltr'>Ditis</span> <span class='ocrx_word' id='word_1_45' title='bbox 639 1023 676 1086; x_wconf 87' lang='lat' dir='ltr'>fit</span> <span class='ocrx_word' id='word_1_46' title='bbox 701 1024 849 1087; x_wconf 86' lang='lat' dir='ltr'>mentio:</span> 
     </span>
    </p>

    <p class='ocr_par' dir='ltr' id='par_1_6' title="bbox 205 1142 1359 1226">
     <span class='ocr_line' id='line_1_7' title="bbox 205 1142 1359 1226; baseline 0.003 -21"><span class='ocrx_word' id='word_1_47' title='bbox 205 1142 288 1206; x_wconf 92' lang='lat' dir='ltr'>Bch.</span> <span class='ocrx_word' id='word_1_48' title='bbox 315 1157 330 1224; x_wconf 83' lang='lat'><strong>5</strong></span> <span class='ocrx_word' id='word_1_49' title='bbox 338 1157 352 1224; x_wconf 84' lang='lat'><strong>5</strong></span> <span class='ocrx_word' id='word_1_50' title='bbox 366 1169 373 1206; x_wconf 76' lang='grc' dir='ltr'><strong>ε</strong></span> <span class='ocrx_word' id='word_1_51' title='bbox 398 1143 541 1226; x_wconf 78' lang='lat' dir='ltr'>(natales</span> <span class='ocrx_word' id='word_1_52' title='bbox 555 1143 638 1225; x_wconf 83' lang='lat' dir='ltr'>dies)</span> <span class='ocrx_word' id='word_1_53' title='bbox 652 1143 803 1207; x_wconf 90' lang='lat' dir='ltr'>tenebris</span> <span class='ocrx_word' id='word_1_54' title='bbox 815 1151 976 1207; x_wconf 90' lang='lat' dir='ltr'>tenentur</span> <span class='ocrx_word' id='word_1_55' title='bbox 990 1143 1079 1207; x_wconf 91' lang='lat' dir='ltr'>Ditis</span> <span class='ocrx_word' id='word_1_56' title='bbox 1092 1151 1231 1207; x_wconf 90' lang='lat' dir='ltr'>aeterna</span> <span class='ocrx_word' id='word_1_57' title='bbox 1244 1144 1359 1208; x_wconf 91' lang='lat' dir='ltr'>domu.</span> 
     </span>
    </p>

    <p class='ocr_par' dir='ltr' id='par_1_7' title="bbox 207 1261 1336 1350">
     <span class='ocr_line' id='line_1_8' title="bbox 207 1261 1336 1350; baseline 0.003 -25"><span class='ocrx_word' id='word_1_58' title='bbox 207 1262 290 1325; x_wconf 91' lang='lat' dir='ltr'>Bch.</span> <span class='ocrx_word' id='word_1_59' title='bbox 309 1281 386 1343; x_wconf 90' lang='lat'>104:</span> <span class='ocrx_word' id='word_1_60' title='bbox 412 1265 502 1328; x_wconf 94' lang='lat' dir='ltr'>Ditis</span> <span class='ocrx_word' id='word_1_61' title='bbox 528 1266 615 1328; x_wconf 89' lang='lat' dir='ltr'>intra</span> <span class='ocrx_word' id='word_1_62' title='bbox 639 1264 814 1327; x_wconf 78' lang='lat' dir='ltr'>terminos,</span> <span class='ocrx_word' id='word_1_63' title='bbox 1078 1261 1156 1350; x_wconf 85' lang='lat' dir='ltr'>[(cf.</span> <span class='ocrx_word' id='word_1_64' title='bbox 1174 1279 1267 1346; x_wconf 83' lang='lat'>1552.</span> <span class='ocrx_word' id='word_1_65' title='bbox 1284 1265 1336 1347; x_wconf 83' lang='lat'>56)</span> 
     </span>
    </p>

    <p class='ocr_par' dir='ltr' id='par_1_8' title="bbox 209 1381 1359 1470">
     <span class='ocr_line' id='line_1_9' title="bbox 209 1381 1359 1470; baseline 0.001 -25"><span class='ocrx_word' id='word_1_66' title='bbox 209 1381 291 1446; x_wconf 92' lang='lat' dir='ltr'>Bch.</span> <span class='ocrx_word' id='word_1_67' title='bbox 305 1400 347 1466; x_wconf 85' lang='lat'>39</span> <span class='ocrx_word' id='word_1_68' title='bbox 351 1397 367 1465; x_wconf 91' lang='grc'><strong>5</strong></span> <span class='ocrx_word' id='word_1_69' title='bbox 380 1409 387 1445; x_wconf 89' lang='lat'><strong>:</strong></span> <span class='ocrx_word' id='word_1_70' title='bbox 408 1382 538 1448; x_wconf 92' lang='lat' dir='ltr'>Secreti</span> <span class='ocrx_word' id='word_1_71' title='bbox 549 1385 668 1448; x_wconf 89' lang='lat' dir='ltr'>Manes</span> <span class='ocrx_word' id='word_1_72' title='bbox 681 1385 739 1466; x_wconf 93' lang='lat' dir='ltr'>qui</span> <span class='ocrx_word' id='word_1_73' title='bbox 753 1381 1055 1465; x_wconf 89' lang='lat' dir='ltr'>regnaAcherusia</span> <span class='ocrx_word' id='word_1_74' title='bbox 1068 1384 1156 1447; x_wconf 91' lang='lat' dir='ltr'>Ditis</span> <span class='ocrx_word' id='word_1_75' title='bbox 1176 1381 1181 1470; x_wconf 90' lang='grc' dir='ltr'>Ι</span> <span class='ocrx_word' id='word_1_76' title='bbox 1203 1382 1359 1448; x_wconf 92' lang='lat' dir='ltr'>incolitis.</span> 
     </span>
    </p>

    <p class='ocr_par' dir='ltr' id='par_1_9' title="bbox 207 1501 1359 1586">
     <span class='ocr_line' id='line_1_10' title="bbox 207 1501 1359 1586; baseline 0.001 -21"><span class='ocrx_word' id='word_1_77' title='bbox 207 1501 385 1583; x_wconf 81' lang='lat' dir='ltr'>Bch.442:</span> <span class='ocrx_word' id='word_1_78' title='bbox 409 1524 511 1586; x_wconf 91' lang='lat' dir='ltr'>quem</span> <span class='ocrx_word' id='word_1_79' title='bbox 535 1505 652 1586; x_wconf 90' lang='lat' dir='ltr'>genuit</span> <span class='ocrx_word' id='word_1_80' title='bbox 676 1504 832 1585; x_wconf 88' lang='lat' dir='ltr'>genetrix</span> <span class='ocrx_word' id='word_1_81' title='bbox 856 1524 970 1567; x_wconf 91' lang='lat' dir='ltr'>secum</span> <span class='ocrx_word' id='word_1_82' title='bbox 994 1513 1089 1567; x_wconf 90' lang='lat' dir='ltr'>tenet</span> <span class='ocrx_word' id='word_1_83' title='bbox 1112 1504 1146 1567; x_wconf 95' lang='lat' dir='ltr'>in</span> <span class='ocrx_word' id='word_1_84' title='bbox 1169 1502 1239 1567; x_wconf 89' lang='lat' dir='ltr'>lare</span> <span class='ocrx_word' id='word_1_85' title='bbox 1259 1504 1359 1568; x_wconf 90' lang='lat' dir='ltr'>Ditis.</span> 
     </span>
    </p>

    <p class='ocr_par' dir='ltr' id='par_1_10' title="bbox 206 1622 1359 1828">
     <span class='ocr_line' id='line_1_11' title="bbox 206 1622 1359 1709; baseline 0.001 -23"><span class='ocrx_word' id='word_1_86' title='bbox 206 1622 288 1686; x_wconf 87' lang='lat' dir='ltr'>Bch.</span> <span class='ocrx_word' id='word_1_87' title='bbox 305 1638 385 1705; x_wconf 81' lang='lat'>501:</span> <span class='ocrx_word' id='word_1_88' title='bbox 657 1624 851 1688; x_wconf 90' lang='lat' dir='ltr'>miserando</span> <span class='ocrx_word' id='word_1_89' title='bbox 875 1623 992 1687; x_wconf 87' lang='lat' dir='ltr'>funere</span> <span class='ocrx_word' id='word_1_90' title='bbox 1016 1632 1116 1707; x_wconf 92' lang='lat' dir='ltr'>rapto</span> <span class='ocrx_word' id='word_1_91' title='bbox 1141 1624 1233 1707; x_wconf 77' lang='lat' dir='ltr'>(proz</span> <span class='ocrx_word' id='word_1_92' title='bbox 1258 1625 1359 1709; x_wconf 87' lang='lat' dir='ltr'>rapti)</span> 
     </span>
     <span class='ocr_line' id='line_1_12' title="bbox 496 1744 1301 1828; baseline -0.001 -20"><span class='ocrx_word' id='word_1_93' title='bbox 496 1745 585 1808; x_wconf 94' lang='lat' dir='ltr'>Ditis</span> <span class='ocrx_word' id='word_1_94' title='bbox 608 1744 651 1809; x_wconf 88' lang='lat' dir='ltr'>ad</span> <span class='ocrx_word' id='word_1_95' title='bbox 676 1745 824 1809; x_wconf 80' lang='lat' dir='ltr'>infernas</span> <span class='ocrx_word' id='word_1_96' title='bbox 847 1746 946 1808; x_wconf 90' lang='lat' dir='ltr'>sedes</span> <span class='ocrx_word' id='word_1_97' title='bbox 969 1744 1132 1827; x_wconf 92' lang='lat' dir='ltr'>lucosque</span> <span class='ocrx_word' id='word_1_98' title='bbox 1157 1746 1301 1828; x_wconf 91' lang='lat' dir='ltr'>piorum.</span> 
     </span>
    </p>

    <p class='ocr_par' dir='ltr' id='par_1_11' title="bbox 207 1862 918 1946">
     <span class='ocr_line' id='line_1_13' title="bbox 207 1862 918 1946; baseline 0.006 -21"><span class='ocrx_word' id='word_1_99' title='bbox 207 1862 427 1946; x_wconf 82' lang='lat' dir='ltr'>Bch.1551C</span> <span class='ocrx_word' id='word_1_100' title='bbox 455 1879 491 1946; x_wconf 83' lang='lat'>5:</span> <span class='ocrx_word' id='word_1_101' title='bbox 516 1866 605 1929; x_wconf 94' lang='lat' dir='ltr'>Ditis</span> <span class='ocrx_word' id='word_1_102' title='bbox 629 1866 762 1929; x_wconf 90' lang='lat' dir='ltr'>silentia</span> <span class='ocrx_word' id='word_1_103' title='bbox 787 1866 918 1929; x_wconf 91' lang='lat' dir='ltr'>maesti.</span> 
     </span>
    </p>

    <p class='ocr_par' dir='ltr' id='par_1_12' title="bbox 206 1982 859 2070">
     <span class='ocr_line' id='line_1_14' title="bbox 206 1982 859 2070; baseline 0.003 -23"><span class='ocrx_word' id='word_1_104' title='bbox 206 1982 289 2047; x_wconf 91' lang='lat' dir='ltr'>Bch.</span> <span class='ocrx_word' id='word_1_105' title='bbox 307 1998 407 2065; x_wconf 83' lang='lat'>1534:</span> <span class='ocrx_word' id='word_1_106' title='bbox 433 1986 467 2048; x_wconf 92' lang='lat' dir='ltr'>in</span> <span class='ocrx_word' id='word_1_107' title='bbox 492 1985 589 2049; x_wconf 87' lang='lat' dir='ltr'>inferi</span> <span class='ocrx_word' id='word_1_108' title='bbox 615 1986 704 2050; x_wconf 90' lang='lat' dir='ltr'>Ditis</span> <span class='ocrx_word' id='word_1_109' title='bbox 728 2007 859 2070; x_wconf 80' lang='lat' dir='ltr'>specus</span> 
     </span>
    </p>

    <p class='ocr_par' dir='ltr' id='par_1_13' title="bbox 205 2102 769 2169">
     <span class='ocr_line' id='line_1_15' title="bbox 205 2102 769 2169; baseline 0.004 -2"><span class='ocrx_word' id='word_1_110' title='bbox 205 2102 288 2167; x_wconf 91' lang='lat' dir='ltr'>Bch.</span> <span class='ocrx_word' id='word_1_111' title='bbox 307 2105 407 2167; x_wconf 85' lang='lat'>1828:</span> <span class='ocrx_word' id='word_1_112' title='bbox 434 2105 523 2168; x_wconf 90' lang='lat' dir='ltr'>Ditis</span> <span class='ocrx_word' id='word_1_113' title='bbox 546 2106 589 2169; x_wconf 92' lang='lat' dir='ltr'>ad</span> <span class='ocrx_word' id='word_1_114' title='bbox 614 2106 769 2169; x_wconf 90' lang='lat' dir='ltr'>Tartara.</span> 
     </span>
    </p>

    <p class='ocr_par' dir='ltr' id='par_1_14' title="bbox 206 2223 1359 2671">
     <span class='ocr_line' id='line_1_16' title="bbox 252 2223 1357 2310; baseline 0.005 -25"><span class='ocrx_word' id='word_1_115' title='bbox 252 2223 314 2286; x_wconf 94' lang='lat' dir='ltr'>Dis</span> <span class='ocrx_word' id='word_1_116' title='bbox 343 2234 483 2307; x_wconf 88' lang='lat' dir='ltr'>patere</span> <span class='ocrx_word' id='word_1_117' title='bbox 507 2226 578 2289; x_wconf 91' lang='lat' dir='ltr'>vita</span> <span class='ocrx_word' id='word_1_118' title='bbox 602 2225 757 2289; x_wconf 90' lang='lat' dir='ltr'>homines</span> <span class='ocrx_word' id='word_1_119' title='bbox 780 2226 869 2309; x_wconf 90' lang='lat' dir='ltr'>rapit</span> <span class='ocrx_word' id='word_1_120' title='bbox 883 2223 908 2308; x_wconf 68' lang='grc'>8)</span> <span class='ocrx_word' id='word_1_121' title='bbox 933 2224 1025 2309; x_wconf 84' lang='lat' dir='ltr'>(Bch.</span> <span class='ocrx_word' id='word_1_122' title='bbox 1056 2243 1150 2310; x_wconf 89' lang='grc'><strong>1219,</strong></span> <span class='ocrx_word' id='word_1_123' title='bbox 1179 2227 1274 2310; x_wconf 94' lang='grc'><strong>1223)</strong></span> <span class='ocrx_word' id='word_1_124' title='bbox 1298 2235 1357 2291; x_wconf 89' lang='lat' dir='ltr'>aut</span> 
     </span>
     <span class='ocr_line' id='line_1_17' title="bbox 206 2343 1357 2430; baseline 0.003 -25"><span class='ocrx_word' id='word_1_125' title='bbox 206 2343 332 2426; x_wconf 89' lang='lat' dir='ltr'>accipit</span> <span class='ocrx_word' id='word_1_126' title='bbox 356 2344 449 2427; x_wconf 87' lang='lat' dir='ltr'>(Bch.</span> <span class='ocrx_word' id='word_1_127' title='bbox 476 2345 569 2429; x_wconf 82' lang='lat'>513);</span> <span class='ocrx_word' id='word_1_128' title='bbox 595 2346 774 2409; x_wconf 87' lang='lat' dir='ltr'>Parcarum</span> <span class='ocrx_word' id='word_1_129' title='bbox 798 2346 926 2408; x_wconf 91' lang='lat' dir='ltr'>invidia</span> <span class='ocrx_word' id='word_1_130' title='bbox 947 2347 1043 2410; x_wconf 90' lang='lat' dir='ltr'>vivos</span> <span class='ocrx_word' id='word_1_131' title='bbox 1062 2344 1152 2410; x_wconf 92' lang='lat' dir='ltr'>tollit</span> <span class='ocrx_word' id='word_1_132' title='bbox 1172 2347 1244 2410; x_wconf 91' lang='lat' dir='ltr'>Diti</span> <span class='ocrx_word' id='word_1_133' title='bbox 1264 2346 1357 2430; x_wconf 91' lang='lat' dir='ltr'>(Bch.</span> 
     </span>
     <span class='ocr_line' id='line_1_18' title="bbox 209 2463 1359 2550; baseline 0.003 -23"><span class='ocrx_word' id='word_1_134' title='bbox 209 2463 295 2547; x_wconf 83' lang='lat'>547),</span> <span class='ocrx_word' id='word_1_135' title='bbox 321 2464 392 2527; x_wconf 92' lang='lat' dir='ltr'>dati</span> <span class='ocrx_word' id='word_1_136' title='bbox 415 2475 494 2529; x_wconf 91' lang='lat' dir='ltr'>sunt</span> <span class='ocrx_word' id='word_1_137' title='bbox 519 2466 589 2529; x_wconf 94' lang='lat' dir='ltr'>Diti</span> <span class='ocrx_word' id='word_1_138' title='bbox 615 2465 708 2550; x_wconf 86' lang='lat' dir='ltr'>(Bch.</span> <span class='ocrx_word' id='word_1_139' title='bbox 733 2466 822 2550; x_wconf 88' lang='grc'><strong>960).</strong></span> <span class='ocrx_word' id='word_1_140' title='bbox 846 2464 971 2530; x_wconf 94' lang='lat' dir='ltr'>Omnia</span> <span class='ocrx_word' id='word_1_141' title='bbox 991 2466 1093 2549; x_wconf 91' lang='lat' dir='ltr'>igitur</span> <span class='ocrx_word' id='word_1_142' title='bbox 1113 2465 1203 2530; x_wconf 93' lang='lat' dir='ltr'>Ditis</span> <span class='ocrx_word' id='word_1_143' title='bbox 1216 2464 1240 2550; x_wconf 76' lang='grc'>4)</span> <span class='ocrx_word' id='word_1_144' title='bbox 1254 2466 1359 2531; x_wconf 89' lang='lat' dir='ltr'>habet</span> 
     </span>
     <span class='ocr_line' id='line_1_19' title="bbox 208 2584 1011 2671; baseline 0.006 -24"><span class='ocrx_word' id='word_1_145' title='bbox 208 2584 303 2667; x_wconf 85' lang='lat' dir='ltr'>(Bch.</span> <span class='ocrx_word' id='word_1_146' title='bbox 332 2585 438 2669; x_wconf 87' lang='lat'>1148),</span> <span class='ocrx_word' id='word_1_147' title='bbox 463 2595 515 2650; x_wconf 88' lang='lat' dir='ltr'>est</span> <span class='ocrx_word' id='word_1_148' title='bbox 539 2587 622 2651; x_wconf 89' lang='lat' dir='ltr'>deus</span> <span class='ocrx_word' id='word_1_149' title='bbox 647 2608 768 2651; x_wconf 89' lang='lat' dir='ltr'>avarus</span> <span class='ocrx_word' id='word_1_150' title='bbox 792 2588 875 2671; x_wconf 92' lang='lat' dir='ltr'>(Bch</span> <span class='ocrx_word' id='word_1_151' title='bbox 905 2589 1011 2671; x_wconf 87' lang='lat'>1034).</span> 
     </span>
    </p>

    <p class='ocr_par' dir='ltr' id='par_1_15' title="bbox 255 2705 1096 2792">
     <span class='ocr_line' id='line_1_20' title="bbox 255 2705 1096 2792; baseline 0.004 -23"><span class='ocrx_word' id='word_1_152' title='bbox 255 2705 346 2784; x_wconf 75' lang='lat' dir='ltr'>VoX,</span> <span class='ocrx_word' id='word_1_153' title='bbox 370 2728 458 2790; x_wconf 91' lang='lat' dir='ltr'>quae</span> <span class='ocrx_word' id='word_1_154' title='bbox 482 2716 534 2771; x_wconf 91' lang='lat' dir='ltr'>est</span> <span class='ocrx_word' id='word_1_155' title='bbox 559 2709 667 2784; x_wconf 91' lang='lat' dir='ltr'>Pluto,</span> <span class='ocrx_word' id='word_1_156' title='bbox 692 2708 815 2792; x_wconf 90' lang='lat' dir='ltr'>legitur</span> <span class='ocrx_word' id='word_1_157' title='bbox 838 2711 872 2772; x_wconf 95' lang='lat' dir='ltr'>in</span> <span class='ocrx_word' id='word_1_158' title='bbox 896 2709 948 2773; x_wconf 92' lang='lat' dir='ltr'>his</span> <span class='ocrx_word' id='word_1_159' title='bbox 972 2708 1096 2772; x_wconf 90' lang='lat' dir='ltr'>titulis:</span> 
     </span>
    </p>

    <p class='ocr_par' dir='ltr' id='par_1_16' title="bbox 205 2825 1237 3034">
     <span class='ocr_line' id='line_1_21' title="bbox 208 2825 870 2909; baseline 0.005 -20"><span class='ocrx_word' id='word_1_160' title='bbox 208 2825 290 2890; x_wconf 91' lang='lat' dir='ltr'>Bch.</span> <span class='ocrx_word' id='word_1_161' title='bbox 316 2828 396 2909; x_wconf 84' lang='lat'>581:</span> <span class='ocrx_word' id='word_1_162' title='bbox 445 2828 596 2893; x_wconf 91' lang='lat' dir='ltr'>Plutonis</span> <span class='ocrx_word' id='word_1_163' title='bbox 620 2831 714 2894; x_wconf 91' lang='lat' dir='ltr'>adire</span> <span class='ocrx_word' id='word_1_164' title='bbox 738 2831 870 2893; x_wconf 91' lang='lat' dir='ltr'>domos.</span> 
     </span>
     <span class='ocr_line' id='line_1_22' title="bbox 205 2946 1237 3034; baseline 0.005 -25"><span class='ocrx_word' id='word_1_165' title='bbox 205 2946 288 3011; x_wconf 87' lang='lat' dir='ltr'>Bch.</span> <span class='ocrx_word' id='word_1_166' title='bbox 317 2949 428 3032; x_wconf 66' lang='grc'><strong>18291</strong></span> <span class='ocrx_word' id='word_1_167' title='bbox 442 2950 618 3034; x_wconf 89' lang='lat' dir='ltr'>Exceptus</span> <span class='ocrx_word' id='word_1_168' title='bbox 642 2949 762 3015; x_wconf 91' lang='lat' dir='ltr'>tellure</span> <span class='ocrx_word' id='word_1_169' title='bbox 786 2951 892 3034; x_wconf 89' lang='lat' dir='ltr'>patris</span> <span class='ocrx_word' id='word_1_170' title='bbox 917 2949 1069 3013; x_wconf 91' lang='lat' dir='ltr'>Plutonis</span> <span class='ocrx_word' id='word_1_171' title='bbox 1093 2949 1127 3012; x_wconf 90' lang='lat' dir='ltr'>in</span> <span class='ocrx_word' id='word_1_172' title='bbox 1151 2949 1237 3014; x_wconf 88' lang='lat' dir='ltr'>aula.</span> 
     </span>
    </p>

    <p class='ocr_par' dir='ltr' id='par_1_17' title="bbox 208 3066 1359 3395">
     <span class='ocr_line' id='line_1_23' title="bbox 251 3066 1357 3155; baseline 0.004 -24"><span class='ocrx_word' id='word_1_173' title='bbox 251 3066 405 3132; x_wconf 89' lang='lat' dir='ltr'>Vocatur</span> <span class='ocrx_word' id='word_1_174' title='bbox 439 3070 523 3133; x_wconf 89' lang='lat' dir='ltr'>deus</span> <span class='ocrx_word' id='word_1_175' title='bbox 557 3071 692 3134; x_wconf 93' lang='lat' dir='ltr'>invidus</span> <span class='ocrx_word' id='word_1_176' title='bbox 727 3070 821 3154; x_wconf 86' lang='lat' dir='ltr'>(Bch.</span> <span class='ocrx_word' id='word_1_177' title='bbox 851 3070 957 3152; x_wconf 84' lang='lat'>1014),</span> <span class='ocrx_word' id='word_1_178' title='bbox 982 3091 1103 3134; x_wconf 89' lang='lat' dir='ltr'>saevus</span> <span class='ocrx_word' id='word_1_179' title='bbox 1127 3069 1221 3153; x_wconf 86' lang='lat' dir='ltr'>(Bch.</span> <span class='ocrx_word' id='word_1_180' title='bbox 1251 3073 1357 3155; x_wconf 88' lang='grc'><strong>1058),</strong></span> 
     </span>
     <span class='ocr_line' id='line_1_24' title="bbox 208 3188 1359 3274; baseline 0.003 -22"><span class='ocrx_word' id='word_1_181' title='bbox 208 3188 354 3252; x_wconf 89' lang='lat' dir='ltr'>crudelis</span> <span class='ocrx_word' id='word_1_182' title='bbox 378 3189 472 3273; x_wconf 91' lang='lat' dir='ltr'>(Bch.</span> <span class='ocrx_word' id='word_1_183' title='bbox 496 3190 585 3273; x_wconf 83' lang='lat'>971),</span> <span class='ocrx_word' id='word_1_184' title='bbox 610 3191 667 3272; x_wconf 92' lang='lat' dir='ltr'>qui</span> <span class='ocrx_word' id='word_1_185' title='bbox 688 3192 778 3274; x_wconf 89' lang='lat' dir='ltr'>rapit</span> <span class='ocrx_word' id='word_1_186' title='bbox 797 3190 851 3255; x_wconf 89' lang='lat' dir='ltr'>vel</span> <span class='ocrx_word' id='word_1_187' title='bbox 871 3192 981 3274; x_wconf 92' lang='lat' dir='ltr'>eripit,</span> <span class='ocrx_word' id='word_1_188' title='bbox 1003 3199 1083 3254; x_wconf 89' lang='lat' dir='ltr'>ante</span> <span class='ocrx_word' id='word_1_189' title='bbox 1096 3191 1188 3254; x_wconf 91' lang='lat' dir='ltr'>diem</span> <span class='ocrx_word' id='word_1_190' title='bbox 1201 3192 1359 3255; x_wconf 90' lang='lat' dir='ltr'>meritum</span> 
     </span>
     <span class='ocr_line' id='line_1_25' title="bbox 210 3309 1049 3395; baseline 0.001 -22"><span class='ocrx_word' id='word_1_191' title='bbox 210 3309 383 3374; x_wconf 92' lang='lat' dir='ltr'>hominem</span> <span class='ocrx_word' id='word_1_192' title='bbox 408 3311 576 3394; x_wconf 87' lang='lat' dir='ltr'>demergit</span> <span class='ocrx_word' id='word_1_193' title='bbox 599 3312 642 3375; x_wconf 91' lang='lat' dir='ltr'>ad</span> <span class='ocrx_word' id='word_1_194' title='bbox 668 3309 777 3395; x_wconf 87' lang='lat' dir='ltr'>Styga</span> <span class='ocrx_word' id='word_1_195' title='bbox 802 3310 895 3395; x_wconf 91' lang='lat' dir='ltr'>(Bch.</span> <span class='ocrx_word' id='word_1_196' title='bbox 920 3312 1001 3395; x_wconf 88' lang='lat'>474)</span> <span class='ocrx_word' id='word_1_197' title='bbox 1014 3309 1049 3394; x_wconf 72' lang='grc'>5).</span> 
     </span>
    </p>
   </div>
   <div class='ocr_carea' id='block_1_5' title="bbox 208 3548 1362 4840">
    <p class='ocr_par' dir='ltr' id='par_1_18' title="bbox 208 3548 1360 3793">
     <span class='ocr_line' id='line_1_26' title="bbox 212 3548 1360 3614; baseline 0.004 -14"><span class='ocrx_word' id='word_1_198' title='bbox 212 3548 302 3600; x_wconf 67' lang='grc'><strong>1181121</strong></span> <span class='ocrx_word' id='word_1_199' title='bbox 320 3553 346 3614; x_wconf 75' lang='grc' dir='ltr'>(ἃ</span> <span class='ocrx_word' id='word_1_200' title='bbox 364 3549 516 3614; x_wconf 68' lang='grc'><strong>1111181121),</strong></span> <span class='ocrx_word' id='word_1_201' title='bbox 534 3550 584 3601; x_wconf 74' lang='grc' dir='ltr'>ἀπὸ</span> <span class='ocrx_word' id='word_1_202' title='bbox 602 3549 696 3601; x_wconf 74' lang='grc' dir='ltr'><strong><em>τούτου</em></strong></span> <span class='ocrx_word' id='word_1_203' title='bbox 713 3549 760 3600; x_wconf 77' lang='grc' dir='ltr'>ὑπὸ</span> <span class='ocrx_word' id='word_1_204' title='bbox 778 3553 825 3601; x_wconf 72' lang='grc' dir='ltr'>τοῦ</span> <span class='ocrx_word' id='word_1_205' title='bbox 842 3549 976 3613; x_wconf 69' lang='grc' dir='ltr'><strong><em>νομοθέτου</em></strong></span> <span class='ocrx_word' id='word_1_206' title='bbox 992 3549 1083 3609; x_wconf 53' lang='lat' dir='ltr'>“Arene</span> <span class='ocrx_word' id='word_1_207' title='bbox 1100 3549 1197 3608; x_wconf 70' lang='grc' dir='ltr'>ἐκλήθη.</span> <span class='ocrx_word' id='word_1_208' title='bbox 1216 3554 1258 3603; x_wconf 88' lang='lat' dir='ltr'>De</span> <span class='ocrx_word' id='word_1_209' title='bbox 1273 3554 1360 3605; x_wconf 80' lang='lat' dir='ltr'>littera</span> 
     </span>
     <span class='ocr_line' id='line_1_27' title="bbox 210 3637 1359 3709; baseline 0.003 -21"><span class='ocrx_word' id='word_1_210' title='bbox 210 3656 228 3688; x_wconf 79' lang='lat' dir='ltr'>a</span> <span class='ocrx_word' id='word_1_211' title='bbox 246 3643 374 3708; x_wconf 88' lang='lat' dir='ltr'>producta</span> <span class='ocrx_word' id='word_1_212' title='bbox 391 3649 436 3693; x_wconf 77' lang='lat' dir='ltr'>aut</span> <span class='ocrx_word' id='word_1_213' title='bbox 454 3648 574 3707; x_wconf 83' lang='lat' dir='ltr'>correpta</span> <span class='ocrx_word' id='word_1_214' title='bbox 591 3642 645 3692; x_wconf 86' lang='lat' dir='ltr'>vid.</span> <span class='ocrx_word' id='word_1_215' title='bbox 664 3637 760 3709; x_wconf 78' lang='lat' dir='ltr'>Bauly,</span> <span class='ocrx_word' id='word_1_216' title='bbox 779 3640 917 3691; x_wconf 89' lang='lat' dir='ltr'>Dictionn.</span> <span class='ocrx_word' id='word_1_217' title='bbox 936 3641 1141 3704; x_wconf 73' lang='lat' dir='ltr'>Grec-Francius</span> <span class='ocrx_word' id='word_1_218' title='bbox 1157 3654 1189 3704; x_wconf 91' lang='lat' dir='ltr'>4e</span> <span class='ocrx_word' id='word_1_219' title='bbox 1200 3640 1262 3690; x_wconf 87' lang='lat' dir='ltr'>edit.</span> <span class='ocrx_word' id='word_1_220' title='bbox 1273 3656 1359 3692; x_wconf 88' lang='lat' dir='ltr'>revue.</span> 
     </span>
     <span class='ocr_line' id='line_1_28' title="bbox 208 3729 605 3793; baseline -0.005 -13"><span class='ocrx_word' id='word_1_221' title='bbox 208 3729 280 3780; x_wconf 80' lang='lat' dir='ltr'>Paris</span> <span class='ocrx_word' id='word_1_222' title='bbox 299 3730 430 3781; x_wconf 82' lang='lat' dir='ltr'>Hochette</span> <span class='ocrx_word' id='word_1_223' title='bbox 451 3741 527 3793; x_wconf 85' lang='lat'>1903.</span> <span class='ocrx_word' id='word_1_224' title='bbox 547 3745 567 3779; x_wconf 78' lang='lat' dir='ltr'>s.</span> <span class='ocrx_word' id='word_1_225' title='bbox 578 3743 605 3779; x_wconf 86' lang='lat' dir='ltr'>v.</span> 
     </span>
    </p>

    <p class='ocr_par' dir='ltr' id='par_1_19' title="bbox 244 3814 634 3885">
     <span class='ocr_line' id='line_1_29' title="bbox 244 3814 634 3885; baseline -0.003 -18"><span class='ocrx_word' id='word_1_226' title='bbox 244 3816 270 3885; x_wconf 87' lang='lat'>1)</span> <span class='ocrx_word' id='word_1_227' title='bbox 289 3817 323 3867; x_wconf 84' lang='lat' dir='ltr'>cf.</span> <span class='ocrx_word' id='word_1_228' title='bbox 341 3817 417 3868; x_wconf 63' lang='lat' dir='ltr'>niad„</span> <span class='ocrx_word' id='word_1_229' title='bbox 440 3814 553 3884; x_wconf 82' lang='lat'>15.187,</span> <span class='ocrx_word' id='word_1_230' title='bbox 575 3829 634 3880; x_wconf 89' lang='grc'><strong>191.</strong></span> 
     </span>
    </p>

    <p class='ocr_par' dir='ltr' id='par_1_20' title="bbox 238 3900 887 3970">
     <span class='ocr_line' id='line_1_30' title="bbox 238 3900 887 3970; baseline -0.003 -16"><span class='ocrx_word' id='word_1_231' title='bbox 238 3903 270 3970; x_wconf 81' lang='grc' dir='ltr'>Ι2)</span> <span class='ocrx_word' id='word_1_232' title='bbox 288 3904 323 3954; x_wconf 79' lang='lat' dir='ltr'>cf.</span> <span class='ocrx_word' id='word_1_233' title='bbox 341 3904 471 3955; x_wconf 83' lang='lat' dir='ltr'>Wissowa</span> <span class='ocrx_word' id='word_1_234' title='bbox 488 3903 531 3953; x_wconf 84' lang='grc'>11.</span> <span class='ocrx_word' id='word_1_235' title='bbox 552 3919 578 3968; x_wconf 91' lang='lat' dir='ltr'>p.</span> <span class='ocrx_word' id='word_1_236' title='bbox 598 3911 649 3968; x_wconf 92' lang='grc'><strong>257</strong></span> <span class='ocrx_word' id='word_1_237' title='bbox 668 3903 686 3952; x_wconf 89' lang='lat' dir='ltr'>i.</span> <span class='ocrx_word' id='word_1_238' title='bbox 697 3902 715 3952; x_wconf 84' lang='lat' dir='ltr'>f.</span> <span class='ocrx_word' id='word_1_239' title='bbox 734 3909 761 3952; x_wconf 86' lang='lat' dir='ltr'>et</span> <span class='ocrx_word' id='word_1_240' title='bbox 779 3918 806 3968; x_wconf 90' lang='lat' dir='ltr'>p.</span> <span class='ocrx_word' id='word_1_241' title='bbox 826 3900 887 3967; x_wconf 84' lang='lat'>258.</span> 
     </span>
    </p>

    <p class='ocr_par' dir='ltr' id='par_1_21' title="bbox 212 3987 1360 4143">
     <span class='ocr_line' id='line_1_31' title="bbox 242 3987 1360 4058; baseline -0.002 -17"><span class='ocrx_word' id='word_1_242' title='bbox 242 3991 271 4058; x_wconf 92' lang='grc'><strong>3)</strong></span> <span class='ocrx_word' id='word_1_243' title='bbox 289 3991 322 4042; x_wconf 87' lang='lat' dir='ltr'>cf.</span> <span class='ocrx_word' id='word_1_244' title='bbox 342 3991 405 4041; x_wconf 88' lang='lat' dir='ltr'>Bch.</span> <span class='ocrx_word' id='word_1_245' title='bbox 426 3990 509 4041; x_wconf 91' lang='grc'><strong>10661</strong></span> <span class='ocrx_word' id='word_1_246' title='bbox 527 3990 579 4039; x_wconf 89' lang='lat' dir='ltr'>heu</span> <span class='ocrx_word' id='word_1_247' title='bbox 598 3989 669 4039; x_wconf 90' lang='lat' dir='ltr'>Ditis</span> <span class='ocrx_word' id='word_1_248' title='bbox 687 3988 764 4040; x_wconf 83' lang='lat' dir='ltr'>foeda</span> <span class='ocrx_word' id='word_1_249' title='bbox 783 3987 1360 4058; x_wconf 66' lang='grc' dir='ltr'><strong>1191021011,Βο11.801Αο6111111(1ε1&gt;)</strong></span> 
     </span>
     <span class='ocr_line' id='line_1_32' title="bbox 212 4077 653 4143; baseline -0.002 -15"><span class='ocrx_word' id='word_1_250' title='bbox 212 4077 282 4128; x_wconf 89' lang='lat' dir='ltr'>Ditis</span> <span class='ocrx_word' id='word_1_251' title='bbox 301 4077 387 4143; x_wconf 85' lang='lat' dir='ltr'>rapuit</span> <span class='ocrx_word' id='word_1_252' title='bbox 404 4078 533 4128; x_wconf 83' lang='lat' dir='ltr'>infantem</span> <span class='ocrx_word' id='word_1_253' title='bbox 551 4078 653 4128; x_wconf 86' lang='lat' dir='ltr'>domus.</span> 
     </span>
    </p>

    <p class='ocr_par' dir='ltr' id='par_1_22' title="bbox 215 4163 1360 4486">
     <span class='ocr_line' id='line_1_33' title="bbox 242 4163 1359 4233; baseline -0.002 -18"><span class='ocrx_word' id='word_1_254' title='bbox 242 4163 272 4231; x_wconf 90' lang='lat'>4)</span> <span class='ocrx_word' id='word_1_255' title='bbox 300 4165 402 4233; x_wconf 75' lang='lat' dir='ltr'>Forma,</span> <span class='ocrx_word' id='word_1_256' title='bbox 430 4181 497 4231; x_wconf 88' lang='lat' dir='ltr'>quae</span> <span class='ocrx_word' id='word_1_257' title='bbox 524 4172 563 4216; x_wconf 90' lang='lat' dir='ltr'>est</span> <span class='ocrx_word' id='word_1_258' title='bbox 581 4165 653 4214; x_wconf 89' lang='lat' dir='ltr'>Ditis</span> <span class='ocrx_word' id='word_1_259' title='bbox 671 4164 810 4231; x_wconf 87' lang='lat' dir='ltr'>(nominat.</span> <span class='ocrx_word' id='word_1_260' title='bbox 831 4163 912 4231; x_wconf 85' lang='lat' dir='ltr'>sing.)</span> <span class='ocrx_word' id='word_1_261' title='bbox 929 4163 1026 4228; x_wconf 88' lang='lat' dir='ltr'>legitur</span> <span class='ocrx_word' id='word_1_262' title='bbox 1045 4163 1109 4214; x_wconf 89' lang='lat' dir='ltr'>Bch.</span> <span class='ocrx_word' id='word_1_263' title='bbox 1131 4163 1209 4229; x_wconf 84' lang='grc'><strong>1148,</strong></span> <span class='ocrx_word' id='word_1_264' title='bbox 1231 4176 1307 4227; x_wconf 85' lang='grc'><strong>1219.</strong></span> <span class='ocrx_word' id='word_1_265' title='bbox 1325 4163 1359 4213; x_wconf 80' lang='lat' dir='ltr'>ci.</span> 
     </span>
     <span class='ocr_line' id='line_1_34' title="bbox 215 4246 1360 4317; baseline -0.006 -14"><span class='ocrx_word' id='word_1_266' title='bbox 215 4251 310 4317; x_wconf 85' lang='lat' dir='ltr'>Georg.</span> <span class='ocrx_word' id='word_1_267' title='bbox 338 4253 403 4303; x_wconf 82' lang='lat' dir='ltr'>Lex.</span> <span class='ocrx_word' id='word_1_268' title='bbox 430 4252 456 4304; x_wconf 88' lang='lat' dir='ltr'>d.</span> <span class='ocrx_word' id='word_1_269' title='bbox 484 4253 542 4303; x_wconf 85' lang='lat' dir='ltr'>Lat.</span> <span class='ocrx_word' id='word_1_270' title='bbox 571 4246 1360 4314; x_wconf 60' lang='grc' dir='ltr'><strong>1801111101.Α.Ρ.11113421211111146720411411114</strong></span> 
     </span>
     <span class='ocr_line' id='line_1_35' title="bbox 215 4331 1359 4406; baseline -0.001 -21"><span class='ocrx_word' id='word_1_271' title='bbox 215 4331 250 4394; x_wconf 75' lang='lat' dir='ltr'>ric</span> <span class='ocrx_word' id='word_1_272' title='bbox 275 4333 360 4394; x_wconf 74' lang='grc' dir='ltr'>Ἀίδης</span> <span class='ocrx_word' id='word_1_273' title='bbox 386 4334 494 4399; x_wconf 68' lang='grc' dir='ltr'>δέχεται</span> <span class='ocrx_word' id='word_1_274' title='bbox 519 4337 565 4405; x_wconf 80' lang='lat' dir='ltr'>(cs.</span> <span class='ocrx_word' id='word_1_275' title='bbox 583 4348 646 4405; x_wconf 83' lang='grc'><strong>452,</strong></span> <span class='ocrx_word' id='word_1_276' title='bbox 657 4338 720 4406; x_wconf 90' lang='grc'><strong>732)</strong></span> <span class='ocrx_word' id='word_1_277' title='bbox 744 4346 771 4389; x_wconf 88' lang='lat' dir='ltr'>et</span> <span class='ocrx_word' id='word_1_278' title='bbox 790 4339 844 4388; x_wconf 88' lang='lat' dir='ltr'>Kb.</span> <span class='ocrx_word' id='word_1_279' title='bbox 863 4348 912 4403; x_wconf 87' lang='grc'>351</span> <span class='ocrx_word' id='word_1_280' title='bbox 931 4336 1008 4385; x_wconf 78' lang='grc' dir='ltr'><strong><em>κοινὸν</em></strong></span> <span class='ocrx_word' id='word_1_281' title='bbox 1024 4336 1176 4398; x_wconf 71' lang='grc' dir='ltr'>Φερσεφόνης</span> <span class='ocrx_word' id='word_1_282' title='bbox 1192 4339 1271 4386; x_wconf 70' lang='grc' dir='ltr'><strong><em>πᾶσιν</em></strong></span> <span class='ocrx_word' id='word_1_283' title='bbox 1287 4333 1359 4398; x_wconf 64' lang='grc' dir='ltr'>’ἔχεις</span> 
     </span>
     <span class='ocr_line' id='line_1_36' title="bbox 215 4423 335 4486; baseline 0.025 -13"><span class='ocrx_word' id='word_1_284' title='bbox 215 4423 335 4486; x_wconf 72' lang='grc' dir='ltr'>θάλαμον.</span> 
     </span>
    </p>

    <p class='ocr_par' dir='ltr' id='par_1_23' title="bbox 212 4507 1362 4840">
     <span class='ocr_line' id='line_1_37' title="bbox 244 4507 1362 4577; baseline -0.002 -17"><span class='ocrx_word' id='word_1_285' title='bbox 244 4508 272 4577; x_wconf 89' lang='grc'>5)</span> <span class='ocrx_word' id='word_1_286' title='bbox 299 4510 333 4560; x_wconf 79' lang='lat' dir='ltr'>cf.</span> <span class='ocrx_word' id='word_1_287' title='bbox 360 4510 452 4561; x_wconf 83' lang='lat' dir='ltr'>Horat.</span> <span class='ocrx_word' id='word_1_288' title='bbox 482 4509 533 4559; x_wconf 88' lang='lat' dir='ltr'>Od.</span> <span class='ocrx_word' id='word_1_289' title='bbox 561 4520 682 4572; x_wconf 83' lang='grc'><strong>2.14.71</strong></span> <span class='ocrx_word' id='word_1_290' title='bbox 712 4508 755 4573; x_wconf 83' lang='lat' dir='ltr'>„si</span> <span class='ocrx_word' id='word_1_291' title='bbox 784 4508 906 4575; x_wconf 84' lang='lat' dir='ltr'>trecenis,</span> <span class='ocrx_word' id='word_1_292' title='bbox 930 4509 1022 4575; x_wconf 76' lang='lat' dir='ltr'>amice,</span> <span class='ocrx_word' id='word_1_293' title='bbox 1047 4508 1136 4574; x_wconf 83' lang='lat' dir='ltr'>places</span> <span class='ocrx_word' id='word_1_294' title='bbox 1153 4507 1362 4558; x_wconf 76' lang='lat' dir='ltr'>illacrimabilem</span> 
     </span>
     <span class='ocr_line' id='line_1_38' title="bbox 212 4594 1360 4662; baseline -0.003 -15"><span class='ocrx_word' id='word_1_295' title='bbox 212 4597 323 4647; x_wconf 82' lang='lat' dir='ltr'>Plutona</span> <span class='ocrx_word' id='word_1_296' title='bbox 350 4596 447 4647; x_wconf 86' lang='lat' dir='ltr'>tauris&#39;’</span> <span class='ocrx_word' id='word_1_297' title='bbox 474 4594 675 4662; x_wconf 83' lang='lat' dir='ltr'>(illacrimabilis</span> <span class='ocrx_word' id='word_1_298' title='bbox 704 4603 743 4646; x_wconf 85' lang='lat' dir='ltr'>est</span> <span class='ocrx_word' id='word_1_299' title='bbox 770 4596 850 4646; x_wconf 90' lang='lat' dir='ltr'>durus</span> <span class='ocrx_word' id='word_1_300' title='bbox 877 4597 922 4662; x_wconf 76' lang='lat' dir='ltr'>ita,</span> <span class='ocrx_word' id='word_1_301' title='bbox 950 4601 979 4644; x_wconf 93' lang='lat' dir='ltr'>ut</span> <span class='ocrx_word' id='word_1_302' title='bbox 998 4595 1072 4645; x_wconf 91' lang='lat' dir='ltr'>nullo</span> <span class='ocrx_word' id='word_1_303' title='bbox 1100 4595 1179 4645; x_wconf 87' lang='lat' dir='ltr'>modo</span> <span class='ocrx_word' id='word_1_304' title='bbox 1203 4595 1360 4645; x_wconf 80' lang='lat' dir='ltr'>commoveri</span> 
     </span>
     <span class='ocr_line' id='line_1_39' title="bbox 214 4679 1361 4749; baseline -0.002 -15"><span class='ocrx_word' id='word_1_305' title='bbox 214 4684 306 4749; x_wconf 84' lang='lat' dir='ltr'>possit.</span> <span class='ocrx_word' id='word_1_306' title='bbox 325 4683 386 4734; x_wconf 83' lang='lat' dir='ltr'>Alia</span> <span class='ocrx_word' id='word_1_307' title='bbox 403 4683 594 4748; x_wconf 77' lang='lat' dir='ltr'>significatione</span> <span class='ocrx_word' id='word_1_308' title='bbox 614 4683 664 4732; x_wconf 90' lang='lat' dir='ltr'>Od.</span> <span class='ocrx_word' id='word_1_309' title='bbox 684 4698 709 4746; x_wconf 92' lang='lat'>4.</span> <span class='ocrx_word' id='word_1_310' title='bbox 720 4696 746 4746; x_wconf 87' lang='lat'>9.</span> <span class='ocrx_word' id='word_1_311' title='bbox 757 4682 811 4744; x_wconf 87' lang='grc'><strong>26).</strong></span> <span class='ocrx_word' id='word_1_312' title='bbox 827 4684 875 4733; x_wconf 88' lang='lat' dir='ltr'>Est</span> <span class='ocrx_word' id='word_1_313' title='bbox 892 4689 918 4732; x_wconf 89' lang='lat' dir='ltr'>et</span> <span class='ocrx_word' id='word_1_314' title='bbox 927 4682 1075 4733; x_wconf 77' lang='lat' dir='ltr'>dominator</span> <span class='ocrx_word' id='word_1_315' title='bbox 1085 4683 1183 4732; x_wconf 86' lang='lat' dir='ltr'>Averni</span> <span class='ocrx_word' id='word_1_316' title='bbox 1192 4679 1268 4748; x_wconf 86' lang='lat' dir='ltr'>(Bch.</span> <span class='ocrx_word' id='word_1_317' title='bbox 1281 4680 1361 4748; x_wconf 88' lang='grc'><strong>1237)</strong></span> 
     </span>
     <span class='ocr_line' id='line_1_40' title="bbox 216 4767 929 4840; baseline 0 -18"><span class='ocrx_word' id='word_1_318' title='bbox 216 4778 242 4822; x_wconf 85' lang='lat' dir='ltr'>et</span> <span class='ocrx_word' id='word_1_319' title='bbox 259 4787 313 4837; x_wconf 74' lang='lat' dir='ltr'>rex,</span> <span class='ocrx_word' id='word_1_320' title='bbox 332 4771 378 4837; x_wconf 90' lang='lat' dir='ltr'>qui</span> <span class='ocrx_word' id='word_1_321' title='bbox 396 4777 498 4821; x_wconf 88' lang='lat' dir='ltr'>coercet</span> <span class='ocrx_word' id='word_1_322' title='bbox 516 4770 616 4821; x_wconf 83' lang='lat' dir='ltr'>fabulas</span> <span class='ocrx_word' id='word_1_323' title='bbox 635 4786 725 4820; x_wconf 87' lang='lat' dir='ltr'>manes</span> <span class='ocrx_word' id='word_1_324' title='bbox 743 4767 820 4840; x_wconf 90' lang='lat' dir='ltr'>(Bch.</span> <span class='ocrx_word' id='word_1_325' title='bbox 841 4768 929 4837; x_wconf 85' lang='grc'><strong>1504).</strong></span> 
     </span>
    </p>
   </div>
   <div class='ocr_carea' id='block_1_6' title="bbox 0 0 1572 5476">
    <p class='ocr_par' dir='ltr' id='par_1_24' title="bbox 0 0 1572 5476">
     <span class='ocr_line' id='line_1_41' title="bbox 0 0 1572 5476; baseline 0 1"><span class='ocrx_word' id='word_1_326' title='bbox 0 0 1572 5476; x_wconf 95' lang='lat' dir='ltr'> </span> 
     </span>
    </p>
   </div>
  </div>
 </body>
</html>
