3134 5476
745 371 790 452 96

192 550 273 614 Bch.
304 551 402 633 1567:

190 671 293 754 Oppi,
318 691 361 734 ne
386 679 516 734 metuas
537 670 682 734 Lethen.
704 691 782 735 nam
795 670 935 734 stultum
949 677 1011 744 est,
1025 676 1184 750 tempore
1198 673 1234 728 et
1247 663 1333 726 omni

190 792 280 855 dunc
304 799 449 855 mortem
474 799 616 868 metuaS,
639 793 796 855 amittere
820 791 946 875 gaudia
969 791 1070 853 vitae.

234 1032 394 1096 Monetur
417 1040 455 1095 ut
476 1032 520 1096 ab
533 1031 675 1096 avaritia
687 1040 857 1109 caveatur,
871 1051 958 1095 neve
970 1029 1091 1112 genius
1104 1025 1332 1090 defraudetur:

188 1151 270 1214 Bch.
289 1170 387 1235 1494:
412 1152 485 1215 Vos
510 1172 574 1235 ego
597 1172 685 1216 nunc
707 1172 841 1227 moneo,
859 1170 995 1234 semper
1014 1149 1072 1232 qui
1093 1145 1210 1211 vivitis
1222 1163 1332 1209 avare:

414 1273 524 1335 nudus
548 1279 669 1336 natura
692 1271 803 1335 lucras
826 1293 846 1335 a
871 1278 979 1335 matre
1003 1276 1148 1342 creatus,

413 1393 523 1456 nudus
546 1393 622 1455 eris.
647 1392 750 1456 obitis
773 1392 882 1474 gratia
906 1389 998 1455 nulla
1022 1389 1123 1452 datur
1139 1383 1172 1470 ¹).

236 1631 315 1694 Non
346 1631 418 1694 sine
449 1631 589 1697 levitate
620 1632 732 1715 aliqua
756 1631 840 1695 haec
864 1637 942 1695 sunt
965 1629 1103 1711 scripta,
1129 1645 1219 1707 quae
1244 1621 1336 1687 nobis

189 1751 405 1833 reprobanda
428 1753 586 1817 videntur
609 1753 773 1837 (attamen
797 1751 839 1815 cl.
864 1773 897 1834 p.
921 1766 964 1835 92
989 1750 1107 1813 adnot.
1135 1748 1183 1829 3l=

189 1870 271 1933 Bch.
298 1871 337 1952 85
364 1870 418 1954 (=
432 1872 562 1936 Dessau
588 1873 707 1956 814o):

300 1991 430 2067 ioceris,
454 1991 551 2055 ludas
575 1992 709 2056 hortor:
735 1993 789 2056 hic
813 2012 945 2056 summa
968 1999 1021 2055 est
1044 1987 1222 2053 severitas.

188 2108 271 2172 Bch.
300 2111 378 2173 118:

233 2229 301 2292 noli
326 2239 526 2294 stomacare.
551 2233 689 2309 suadeo,
715 2231 849 2296 caldum
874 2232 982 2295 bibas.
1007 2230 1234 2294 moriundust.
1257 2224 1346 2290 vale.

189 2348 270 2411 Bch.
286 2365 366 2430 243:
414 2351 506 2414 Dum
525 2352 605 2427 vixi,
631 2352 701 2416 bibi
722 2351 878 2416 libenter.
897 2351 1008 2414 Bibite
1031 2370 1091 2413 vos
1105 2349 1164 2432 qui
1178 2347 1296 2412 vivitis
1308 2344 1343 2429 ²).

190 2467 270 2530 Bch.
290 2483 389 2549 1500:
416 2490 451 2532 es
476 2470 555 2534 bibe
578 2471 658 2534 lude
682 2473 760 2535 veni
775 2469 808 2554 ³).

236 2586 461 2652 Conferantur
493 2590 573 2653 Bch.
609 2593 666 2672 185
701 2593 754 2673 (=
768 2592 898 2655 Dessau
930 2591 1041 2673 7976),
1066 2596 1180 2652 totum
1204 2606 1344 2651 carmen

188 2706 270 2769 Bch.
299 2725 378 2790 190;
403 2708 485 2770 Bch.
515 2710 592 2773 186:
614 2710 808 2793 voluptates
821 2711 928 2773 secuti
940 2711 1045 2772 simus
1058 2706 1199 2791 (sumus)
1213 2724 1345 2778 omnes

186 2828 277 2889 vitae
301 2837 415 2891 nostre
441 2828 530 2911 (sicll
550 2851 570 2892 a
589 2831 687 2894 nobis
708 2851 894 2913 numquam
906 2831 1086 2912 quitquam
1099 2836 1153 2891 est
1166 2835 1344 2908 negatum,

182 2948 230 3008 ita
254 2955 301 3022 tu,
326 2948 383 3030 qui
408 2947 502 3030 legis,
528 2949 619 3013 bona
643 2951 711 3013 vita
732 2951 809 3013 vive
831 2949 967 3013 sodalis.
986 2969 1091 3031 quare
1112 2956 1193 3031 post
1206 2946 1343 3010 obitum

182 3087 245 3131 nec
270 3069 354 3131 risus
378 3088 441 3131 nec
466 3069 556 3132 lusus
582 3090 644 3132 nec
666 3070 733 3133 ulla
753 3070 912 3153 voluptas
925 3071 999 3133 erit.
1014 3070 1104 3133 Nov.
1118 3068 1215 3131 Test.
1235 3085 1248 3131 1
1265 3066 1343 3132 Cor.

187 3202 322 3269 15:32:
345 3185 504 3268 Φάγωμεν
529 3187 582 3253 καὶ
606 3188 738 3266 πίωμεν·
761 3187 861 3269 αὔριον
885 3187 947 3268 γὰρ
974 3188 1212 3271 ἀποθνήσκομεν
1228 3186 1265 3272 4).

194 3371 392 3379 ——--—-—·-«——

220 3477 247 3544 1)
274 3479 307 3529 cf.
335 3479 397 3528 Bch.
427 3479 493 3528 1106
512 3478 603 3545 (supra
620 3490 827 3546 repraesentatus
846 3491 885 3534 est
905 3491 978 3550 pater
996 3483 1067 3550 apud
1086 3498 1205 3532 mensam
1225 3483 1254 3532 in
1274 3483 1345 3532 lecto

187 3566 313 3614 recubans
332 3565 452 3613 manibus
471 3555 594 3629 poculum
613 3566 731 3634 tenens):

380 3652 433 3714 Qui
451 3650 513 3700 dum
531 3653 584 3702 vita
603 3654 695 3720 datast,
711 3670 813 3720 semper
830 3656 935 3706 vivebat
954 3672 1054 3721 avarus,
1070 3696 1073 3701 .

448 3737 539 3787 heredi
558 3756 677 3807 parcens,
695 3741 800 3790 invidus
819 3741 877 3807 ipse
896 3743 955 3808 sibi,

371 3825 414 3874 hic
434 3826 630 3876 accumbentem
649 3829 734 3893 sculpi
752 3829 890 3894 genialiter
907 3829 936 3896 (i.
949 3847 972 3880 e.
991 3830 1072 3897 laete)
1090 3837 1148 3880 arte

444 3925 472 3960 se
492 3911 567 3960 iussit
585 3913 661 3963 docta
679 3921 740 3979 post
758 3931 804 3964 sua
822 3916 875 3965 lata
893 3932 981 3982 manu,

371 4005 399 4047 ut
419 3998 512 4047 saltem
530 3999 656 4049 recubans
674 4001 703 4048 in
720 4009 803 4050 morte
822 4002 957 4065 quiescere
977 4010 1065 4067 posset

447 4101 586 4150 securaque
605 4087 688 4136 iacens
707 4089 751 4137 ille
770 4089 854 4152 quiete
868 4089 944 4153 frui.

375 4173 423 4221 sed
441 4170 507 4237 quid
526 4172 656 4223 defunctis
675 4176 782 4238 prodest
800 4176 911 4239 genialis
932 4177 1036 4241 imago?

446 4259 497 4306 hoc
517 4259 604 4321 potius
624 4261 675 4309 ritu
694 4262 782 4311 vivere
801 4261 952 4311 debuerant.
1024 4263 1058 4312 cs.
1079 4264 1144 4313 Bch.
1166 4275 1228 4329 543.

216 4343 245 4411 2)
263 4345 295 4394 cl.
317 4345 381 4396 Bch.
401 4357 453 4407 244
472 4342 513 4409 (=
530 4342 605 4411 187):
617 4347 689 4411 quod
699 4348 741 4397 edi
751 4349 815 4413 bibi,
826 4364 926 4397 mecum
935 4348 1030 4415 habeo,
1040 4350 1114 4414 quod
1123 4351 1221 4417 reliqui
1233 4354 1349 4419 perdidi.

186 4431 290 4480 Edendi
308 4432 386 4496 igitur
406 4446 435 4479 ac
454 4429 566 4479 bibendi
585 4431 639 4480 sola
658 4442 780 4483 constans
799 4449 854 4483 esse
872 4434 1012 4484 delectatio
1031 4435 1134 4486 dicitur.

215 4516 244 4583 3)
262 4518 294 4567 ct'.
315 4519 347 4567 A.
359 4519 386 4566 Ρ.
406 4518 459 4566 Vll
479 4528 512 4579 32
531 4515 572 4582 (in
593 4518 807 4587 Anacreontem):

362 4599 479 4649 Πολλάκι
498 4599 545 4660 μὲν
563 4597 617 4648 τόδ’
634 4599 717 4660 ἤεισα,
734 4603 776 4652 καὶ
793 4602 821 4653 ἐκ
838 4603 938 4666 τύμβου
957 4602 984 4653 δὲ
1003 4605 1095 4668 dodau·

362 4682 478 4742 „filusna
497 4679 551 4743 πρὶν
569 4679 666 4739 ταύτην
684 4683 863 4747 ἀμφιβάλησθε
882 4688 970 4738 κόνιν”.

212 4768 241 4834 4)
261 4767 402 4834 Copiosius
422 4766 455 4814 de
474 4765 523 4814 hac
543 4778 571 4812 re
592 4765 643 4814 vid.
663 4767 739 4817 huius
758 4769 818 4818 libri
837 4771 916 4835 capit.
936 4773 949 4820 Ι
969 4789 995 4836 p.
1016 4775 1059 4840 15
1080 4791 1105 4840 4.
