3134 5476
731 366 774 430 26

221 545 380 629 Quocum
402 545 577 610 conferas:

175 667 245 732 Kb.
256 668 364 748 480a:
395 670 503 730 τοῦτον
525 661 651 744 μαθών,
673 663 754 742 ξένε,
776 673 875 739 πεῖνε.
900 665 998 744 γέλα,
1023 667 1163 750 κῶμοζε,
1185 666 1331 750 μορίζοο·

397 786 484 850 κοινοὶ
508 783 571 865 γάρ
595 785 679 849 ἐστιν
702 785 825 866 βροτοῖς
848 791 956 851 τοῦτο
979 787 1021 852 τὰ
1046 786 1251 866 οννθέμοτο.

173 907 220 972 id.
246 907 328 990 362:
396 913 521 986 παῖσον,
543 905 714 988 τρύφνροον,
739 907 842 990 ζνῖοον,
863 905 1040 973 οῖτοθονεῖν
1062 933 1099 973 οε
1121 909 1179 974 δεῖ.

173 1026 216 1090 cf.
240 1035 418 1110 praeterea
441 1027 522 1091 Bch.
551 1029 634 1111 1567
655 1037 691 1092 et
713 1028 757 1091 de
780 1049 881 1093 avare
905 1030 1055 1094 vivendo
1075 1030 1158 1094 Bch.
1184 1031 1272 1096 1106
1292 1039 1330 1094 et

178 1164 264 1230 1494
296 1147 653 1231 (Pseudophocylidea
687 1165 760 1230 109,
796 1165 858 1212 110
887 1150 979 1232 apud
1011 1149 1124 1232 Bergk
1156 1150 1191 1213 P.
1206 1151 1247 1213 L.
1262 1147 1331 1214 G.³

175 1287 254 1350 pars
281 1268 315 1330 II
338 1289 372 1350 p.
394 1267 491 1350 466);
515 1267 597 1332 Bclu
627 1267 698 1342 186,
723 1267 782 1331 ubi
804 1268 873 1332 duo
896 1268 1027 1344 fratres,
1052 1271 1111 1352 qui
1135 1272 1330 1336 concordes

174 1407 311 1471 semper
347 1408 384 1452 se
420 1388 545 1452 vixisse
579 1387 784 1470 gloriantur,
819 1387 904 1452 haec
939 1389 983 1453 de
1017 1409 1054 1452 se
1089 1390 1154 1472 ipsi
1189 1391 1331 1455 dicunt:

175 1509 390 1593 ,voluptates
412 1509 519 1573 secuti
542 1529 657 1572 sumus
675 1529 805 1584 omnes,
826 1510 917 1573 vitae
937 1518 1052 1573 nostre
1072 1510 1162 1593 (sic!)
1182 1531 1203 1574 a
1225 1511 1329 1574 nobis

173 1648 380 1711 ,numquam
414 1629 593 1711 quitquam
628 1637 791 1711 negatum
814 1629 898 1693 est”.
923 1628 1086 1712 Sequitur
1108 1629 1328 1694 adhortatio:

173 1749 241 1830 „ita
264 1757 302 1812 tu
326 1749 384 1832 qui
407 1748 502 1831 legis,
522 1746 614 1810 bona
630 1748 702 1810 vita
719 1747 797 1810 vive
816 1747 952 1823 sodalis,
972 1769 1078 1831 quare
1099 1757 1178 1833 post
1190 1749 1329 1813 obitum

173 1890 256 1952 ‚nec
280 1870 365 1933 risus
389 1888 453 1931 nec
475 1867 567 1931 lusus
590 1887 653 1930 nec
681 1866 748 1930 ulla
771 1867 931 1951 voluptas
954 1868 1052 1932 erit'’.

215 1990 374 2072 Denique
396 1989 491 2062 haec,
516 2007 604 2070 quae
627 1987 737 2050 isdem
757 1986 827 2050 fere
847 1987 961 2051 verbis
979 1989 1115 2072 saepius
1127 1999 1326 2056 recurrunt:

172 2109 254 2174 Bch.
266 2111 330 2192 485
346 2117 382 2173 et
392 2108 477 2190 486:
501 2107 619 2171 Viuite
631 2107 763 2182 victuri,
778 2126 916 2184 moneo;
931 2128 1022 2171 mors
1034 2110 1194 2174 omnibus
1206 2110 1326 2176 instat.

174 2230 256 2294 Bch.
280 2230 363 2295 802:
504 2227 633 2303 Vivite,
649 2226 764 2290 felices
775 2228 920 2303 animae,
933 2248 1023 2291 mors
1035 2230 1196 2294 omnibus
1208 2233 1327 2296 instat.

220 2351 318 2415 Idem
353 2347 435 2413 Bch.
468 2348 543 2429 803,
576 2347 651 2426 804,
676 2346 749 2427 805,
776 2346 851 2421 806,
877 2347 952 2429 859,
980 2363 1074 2427 1004,
1104 2350 1199 2426 1081,
1229 2352 1327 2428 1082,

175 2472 297 2556 (4094),
325 2484 420 2554 4095,
449 2482 651 2551 1117;373›
678 2481 751 2549 3742
773 2481 840 2549 447
863 2474 899 2529 et
922 2466 1004 2530 Bch·
1034 2484 1136 2550 ¹231=

405 2590 464 2672 qui
486 2587 609 2671 legitis,
633 2605 774 2648 moneo:
798 2585 915 2662 vivite,
940 2606 1032 2650 mors
1055 2599 1227 2672 properat.

171 2712 253 2777 Bch.
281 2713 382 2794 1582:
405 2718 442 2773 et
476 2717 513 2772 tu
549 2708 607 2790 qui
637 2705 722 2789 legis
753 2725 833 2768 ecce
865 2726 980 2769 meum
1010 2707 1160 2784 titulum,
1185 2730 1325 2789 moneo,

402 2829 513 2893 fruere
536 2836 618 2890 tunc
643 2826 697 2909 (=
709 2825 811 2901 dunc,
835 2825 930 2908 dum)
953 2825 1025 2889 vita
1047 2826 1129 2891 data
1153 2837 1216 2892 est.
1233 2828 1256 2914 ¹)

215 2952 346 3018 Graeca
368 2948 528 3033 exempla
552 2946 691 3010 afferam
715 2944 895 3009 nonnulla:

173 3074 246 3138 Iam
269 3072 358 3136 dixit
380 3068 556 3152 Theognis
581 3066 662 3151 567:

347 3189 437 3271 Ἧβρ
460 3185 649 3267 τερπόμενος
673 3183 786 3267 παίζω·
810 3182 895 3262 δηρὸν
919 3184 982 3263 γὰρ
1006 3182 1130 3266 ἔνερθεν

395 3317 457 3390 7²34
481 3306 596 3380 ὄλέοοις
619 3307 729 3388 ψυχὴν
752 3302 896 3382 ustorum
920 3301 1001 3370 ὥστε
1024 3304 1112 3379 λίθος

352 3430 527 3514 ἄφθογγος
550 3442 623 3493 κτλ.

171 3559 213 3623 cf·
238 3559 284 3622 id·
308 3558 373 3642 983
398 3575 486 3638 040,
505 3566 570 3636 973
593 3571 681 3634 044,
704 3556 798 3632 4009,
824 3564 917 3624 4040,
932 3549 1173 3634 8748744725
1189 3573 1323 3636 soo=

170 3681 277 3747 Solon
301 3680 421 3763 fragm.
446 3675 533 3756 246.

168 3802 333 3886 Aeschyl.
358 3800 449 3863 Pers.
474 3796 557 3875 840:

347 3919 437 3997 ὑμεῖς
462 3913 505 3994 δὲ,
528 3910 693 3992 πρέσβεις,
718 3905 847 3989 χαίρετ’
871 3907 902 3970 ἕν
925 3915 1034 3980 κοινοῖς
1059 3904 1140 3987 ὅμως

346 4039 457 4124 ψοχῖρν
481 4034 615 4106 διδόντες
640 4032 729 4112 ἡδονῇ
754 4027 831 4094 κοθ
857 4027 976 4107 ἡμέραν

347 4164 386 4236 ὥς
410 4167 476 4233 τοῖς
500 4156 632 4223 θονοῖνον
657 4156 791 4223 πλοῦτος
816 4150 900 4215 οὐδὲν
922 4151 1052 4231 ὠφελεῖ.

171 4289 290 4355 Crates
302 4286 394 4372 apud
404 4281 489 4366 ng.
499 4281 534 4344 P.
545 4279 585 4342 L.
594 4261 637 4342 G.
649 4272 661 4311 ³
673 4295 752 4360 pars
764 4274 797 4337 II
807 4294 840 4356 p.
850 4273 912 4356 671
925 4271 967 4336 ad
977 4272 1211 4355 impugnanda
1220 4274 1324 4340 haec:

283 4402 316 4473 εὖ
340 4406 438 4477 εἰδώς,
464 4396 509 4466 ὅτι
535 4395 649 4473 θνητὸς
674 4393 766 4474 ἔφυς,
793 4391 845 4456 σὸν
868 4387 969 4468 θυμὸν
993 4388 1070 4466 ἄεξε

280 4525 468 4610 τερπόμενος
492 4517 637 4602 θολίρον·
662 4512 790 4581 θονόντν
816 4534 862 4576 τον
888 4508 970 4583 οὔτις
995 4508 1165 4586 ὄνησις.-

2 4788 161 5120 .
206 4781 232 4849 1)
249 4781 283 4832 cf.
301 4779 366 4831 Bch.
389 4775 464 4845 1083,
486 4773 563 4840 1084,
586 4783 668 4835 1491:
687 4755 775 4818 vivere
795 4763 875 4814 disce.
