3134 5476
741 353 785 416 86

187 538 268 602 ibid.
293 537 376 600 628:
401 530 422 597 ύ
447 533 529 614 zoor
553 532 829 613 σημκτύεσσοι...

398 654 486 718 :rarii
512 654 550 718 σὺ
574 655 631 732 μὲν
657 653 759 732 κούφη
784 659 880 716 κεῖσο.

187 777 268 840 ibid.
296 793 375 859 321:
402 775 496 859 (γοῖιι
517 772 612 857 φίλη)
633 775 672 838 σὺ
693 780 807 853 τρηεῖιι
829 770 914 834 κατὰ
938 768 1097 852 κροτάφου
1110 780 1228 837 πολιοῖο
1241 781 1321 837 κεῖσο.

187 897 268 961 ibid.
292 913 377 980 470:
403 893 499 971 λύβοι
525 894 559 957 ιύ
583 919 619 958 σε
642 892 745 972 βῶλος
774 893 911 974 ἕλκφού.

187 1017 268 1080 ibid.
292 1017 376 1100 476:
401 1013 492 1078 ἑλλοὶ
519 1039 555 1078 σε
579 1019 763 1092 γοοιοῡμκι,
790 1017 836 1077 Γέι
864 1012 1040 1094 τοιτούφε,
1066 1011 1126 1078 τὰι
1149 1016 1322 1096 τοιούδιιρτοι

477 1135 575 1215 sipia:
600 1144 663 1206 σοῖς
689 1133 827 1215 κύλτοις,
851 1136 967 1213 μᾶτερ,
991 1133 1218 1210 ἒιογκύλισοιι.

186 1255 227 1320 cs.
253 1257 334 1320 ibid.
360 1274 435 1340 372,
458 1274 536 1337 401,
559 1257 627 1337 460
662 1256 738 1339 708.

186 1375 267 1438 ibid.
296 1390 373 1457 554:

207 1496 309 1569 στήλη
324 1496 377 1578 (cl.
390 1496 488 1580 lapis)
500 1494 638 1576 φύιμέιῳ
652 1494 754 1574 κούφη
767 1493 854 1572 μένε.
869 1495 950 1558 Vox
962 1491 1063 1568 στήλη
1077 1516 1216 1579 quoque
1227 1497 1301 1578 655.

185 1616 365 1681 Praeterea
389 1617 457 1680 Kb.
484 1618 563 1700 569:

296 1737 385 1800 οὶλλοὶ
410 1736 449 1800 σὺ
474 1745 557 1814 raia
581 1736 687 1808 πέλοις
715 1737 823 1813 :lydii
848 1735 949 1815 κούφη
972 1737 1004 1799 τ’
1029 1737 1211 1814 Ἀκυλείιςι.

185 1859 227 1922 cs.
253 1858 320 1922 Kb.
347 1858 439 1921 222b
463 1858 496 1920 in
521 1857 675 1941 praefat,
695 1857 771 1941 467,
795 1874 876 1941 3²9;
900 1871 959 1940 315
976 1866 1010 1922 et
1026 1872 1085 1940 551
1102 1856 1217 1941 (κούφη
1234 1855 1357 1941 κόνις),

191 1995 249 2060 103
276 1976 389 2061 (βῶλος
413 1974 543 2059 κούφοι).

186 2099 351 2180 Kb.43o:
398 2095 489 2160 ἀλλὰ
513 2096 563 2166 σύ,
587 2091 608 2159 ὦ
633 2096 805 2176 τοιοοδεῑτοι
830 2096 897 2161 ἰδὼν
922 2097 1044 2174 apator
1068 2096 1173 2177 τύφοι
1197 2096 1304 2178 ύιδρύς

487 2217 572 2281 τύιδε
601 2221 815 2298 κοιτεοφημῶι
841 2223 911 2281 τοῖοι
936 2215 1065 2298 φρύσοις
1090 2215 1192 2282 ἄτιύι·

398 2345 496 2416 γοῖοιι
522 2336 607 2418 ἔχοις
630 2338 775 2417 ἕλοιφριὶι
796 2338 838 2409 εἷς
852 2337 903 2402 τὸν
917 2335 1050 2402 ύτοιιτοι
1061 2337 1181 2418 χρόνον.
1206 2340 1249 2404 cf.
1267 2355 1336 2425 195.

187 2459 255 2523 Kb.
272 2462 351 2543 538:
398 2459 476 2523 ἀλλ’
501 2457 580 2522 ἔστω
605 2482 650 2523 σοι
677 2458 690 2521 ὁ
716 2462 780 2531 τοῖς
804 2463 921 2540 κοῦφος
946 2458 1027 2532 λύύος
1052 2460 1106 2544 (cf.
1130 2459 1229 2543 lapis)
1246 2459 1278 2543 ¹).

231 2670 286 2732 Ex
310 2671 374 2734 illis
394 2672 466 2734 eius
484 2672 577 2734 modi
590 2672 796 2735 carminibus
810 2671 980 2735 fluxerunt
993 2671 1069 2746 alia,
1082 2691 1169 2752 quae
1183 2671 1338 2753 quamvis

185 2811 205 2853 a
229 2792 366 2873 propria
389 2793 559 2855 sententia
584 2792 685 2874 paulo
707 2791 925 2866 abhorreant,
946 2792 1017 2855 iure
1037 2791 1117 2854 inde
1130 2790 1337 2855 derivantur.

186 2910 273 2975 Sunt
304 2933 353 2987 ea,
386 2933 474 2994 quae
506 2933 574 2975 non
606 2913 687 2995 ipsis
720 2914 861 2976 mortuis
884 2913 945 2976 sed
969 2913 1101 2976 ossibus
1124 2931 1244 2975 eorum
1268 2912 1338 2974 sive

185 3032 353 3095 cineribus
367 3041 491 3096 terram
504 3034 576 3095 sive
589 3032 738 3115 lapidem
751 3041 919 3116 exoptent
931 3033 1060 3109 levem;
1074 3033 1167 3115 quod
1180 3032 1338 3096 facillime

186 3151 385 3234 explicatur,
411 3173 488 3215 cum
513 3172 589 3215 ossa
608 3161 643 3215 et
664 3154 795 3216 cineres
808 3155 900 3236 ipsos
913 3161 1066 3216 mortuos
1078 3152 1176 3216 facile
1188 3152 1339 3217 indicare

186 3273 328 3354 possint.
372 3273 492 3355 Itaque
528 3273 668 3336 minime
704 3274 919 3356 impedimur,
955 3273 1137 3355 quominus
1171 3281 1207 3336 et
1242 3272 1340 3337 huius

185 3392 319 3475 generis
354 3395 503 3457 carmina
535 3395 568 3456 in
602 3415 721 3457 eorum
746 3395 932 3458 habeamus
957 3414 1108 3469 numero,
1133 3395 1339 3476 quaequod

185 3513 228 3576 de
252 3521 406 3577 veterum
431 3514 593 3596 opinione
618 3515 793 3597 divulgata
817 3515 1033 3589 dictumest,
1059 3514 1298 3596 comprobent.

232 3633 393 3714 Legimus
416 3635 507 3715 apud
532 3634 777 3697 Buechelerum
803 3634 904 3697 haec:

189 3753 270 3815 Bch.
300 3770 400 3835 1033:
447 3753 730 3837 Terpsichorenis
752 3754 852 3817 tellus
877 3762 1039 3837 contegat
1062 3775 1139 3819 ossa
1161 3755 1256 3818 levis.

188 3874 269 3936 Bch.
300 3876 400 3955 1038:
447 3874 552 3938 Terra
576 3875 643 3939 levi
669 3874 800 3938 tumulo
824 3875 941 3951 levior,
968 3896 1010 3939 ne
1034 3875 1199 3956 degravet
1223 3895 1310 3940 ossa.

188 3992 229 4056 ci.
259 4010 353 4076 1039,
382 4010 476 4076 1043.

232 4113 345 4177 Valde
370 4115 450 4177 trita
473 4122 569 4178 sunt:

188 4234 269 4297 Bch.
300 4249 399 4317 1047:
447 4234 493 4298 Et
516 4243 560 4309 te,
583 4234 701 4311 Terra,
723 4255 853 4318 precor,
866 4234 987 4297 leviter
998 4255 1100 4317 super
1113 4255 1189 4298 ossa
1201 4237 1340 4303 residas.

188 4353 367 4420 Simillima
398 4355 478 4418 Bch.
508 4356 601 4434 1048,
631 4370 724 4430 1121,
754 4371 847 4437 1153,
878 4371 970 4439 1471,
1000 4370 1094 4438 1473,
1122 4371 1216 4439 1474,
1245 4372 1340 4442 1475,

193 4475 285 4556 1538,
316 4488 409 4555 1542.

223 4670 250 4737 1)
277 4671 309 4720 cl.
339 4671 432 4720 Rohde
460 4670 504 4720 1.1.
530 4671 576 4720 11³
602 4689 628 4736 p.
650 4670 699 4735 381
721 4687 743 4720 c.
762 4670 863 4738 adnott,
882 4671 1001 4737 Euripid
1021 4672 1078 4724 Alc.
1098 4672 1160 4739 463,
1179 4674 1289 4725 Lucian.
1308 4675 1340 4725 de

193 4758 255 4807 luci.
278 4757 319 4824 18,
337 4757 436 4807 Tibull.
456 4770 481 4807 2.
492 4756 516 4806 6.
529 4769 572 4824 30,
591 4759 708 4823 Propert.
732 4771 753 4807 1.
767 4769 807 4821 17.
820 4773 863 4825 24,
878 4759 968 4808 Iuven.
981 4770 1004 4822 7.
1017 4769 1077 4826 207,
1087 4761 1164 4810 Mart.
1174 4761 1258 4826 epigr.
1271 4774 1293 4811 1.
1305 4760 1346 4826 89.
