3134 5476
85 4882 179 5136 Ι

857 399 894 446 12

297 563 387 627 unde
410 562 492 645 quid
517 560 679 626 efficitur?
704 563 753 627 Ut
778 564 1010 628 Romanorum
1035 587 1113 649 pars
1134 567 1242 631 maior
1262 588 1319 631 eas
1338 567 1451 652 philo·

296 682 482 766 sophorum
506 683 549 746 de
573 683 687 746 animo
700 683 872 747 doctrinas
886 685 1024 749 minime
1038 685 1246 769 probarent?
1259 687 1298 752 Id
1312 688 1452 752 videtur

296 810 564 866 consentaneum
588 821 671 879 esse,
696 805 975 887 quandoquidem
1000 826 1068 870 non
1093 814 1216 890 poetae
1242 828 1353 891 neque
1373 808 1451 893 phi·

294 920 439 1005 losophi,
475 922 537 985 viri
569 923 673 999 docti,
703 922 820 986 titulos
850 923 1055 1006 sepulcrales
1087 928 1360 1022 conscribebant,
1385 931 1449 993 sed

299 1042 548 1125 „unusquisque
568 1043 690 1106 doctus
710 1043 765 1106 vel
777 1043 935 1108 indoctus
947 1043 1062 1120 hom0,
1076 1046 1264 1111 dummodo
1277 1046 1448 1130 lapicidae

298 1162 531 1245 ,conducendi
556 1182 640 1245 opes
663 1162 839 1247 (haberet),
865 1163 1138 1228 recordationem
1163 1167 1287 1229 mortui
1307 1167 1447 1250 cognati

299 1283 508 1366 „posteritati
532 1284 833 1347 commendaturus
855 1283 992 1347 titulum
1016 1284 1172 1368 sepulcro
1192 1287 1448 1352 inscribendum

299 1403 497 1487 „(curaret)'‘
513 1402 546 1487 ¹),
578 1405 627 1467 ita
657 1412 772 1468 autem
805 1414 841 1467 ut
873 1405 907 1467 in
937 1405 1143 1469 carminibus
1166 1408 1234 1469 suis
1258 1406 1450 1473 conflandis

294 1544 370 1588 cum
406 1544 548 1607 corpore
584 1531 619 1587 et
653 1525 804 1587 animum
840 1545 976 1608 prorsus
1006 1546 1210 1591 evanescere
1242 1526 1445 1611 plerumque

290 1645 614 1728 praetermitterent.

334 1765 456 1847 Neque
491 1765 584 1828 omni
616 1785 660 1827 ex
691 1772 788 1846 parte
821 1773 913 1828 recte
945 1765 992 1828 ita
1016 1766 1175 1831 concludi
1199 1768 1391 1851 apparebit,
1417 1769 1445 1833 si

290 1887 500 1970 reputaveris
524 1906 593 1948 non
613 1905 732 1949 omnes
752 1886 991 1970 inscriptiones
1010 1896 1206 1972 temporum
1226 1889 1445 1972 iniquitatem

228 2091 236 2110 ἢ
288 2005 403 2070 tulisse
437 2026 548 2088 neque
580 2025 699 2069 omnes
730 2004 882 2081 sortasse,
915 2008 972 2089 qui
996 2008 1040 2070 de
1064 2009 1168 2071 animi
1193 2018 1271 2092 post
1296 2019 1445 2074 mortem

289 2134 380 2191 statu
417 2147 494 2190 cum
530 2126 743 2209 philosophis
777 2128 953 2203 sentirent,
989 2128 1162 2210 scripsisse
1197 2130 1327 2205 titulos,
1357 2130 1444 2194 alios

291 2256 405 2311 autem
441 2246 525 2310 alios
560 2255 688 2311 temere
720 2254 855 2310 secutos
886 2268 959 2311 esse
990 2249 1024 2311 in
1056 2248 1163 2312 titulis
1187 2251 1445 2316 conscribendis

291 2388 477 2450 eorumque
508 2348 719 2450 argumentis
754 2367 958 2431 adhibendis
993 2368 1042 2451 (ut
1076 2377 1112 2432 et
1145 2369 1237 2452 apud
1274 2378 1445 2435 nostrates

290 2488 362 2552 fieri
382 2486 491 2571 solet),
516 2486 600 2551 alios
623 2487 771 2569 denique
795 2487 949 2564 tacuisse,
975 2489 1067 2570 quod
1092 2489 1173 2571 quid
1200 2489 1243 2552 de
1268 2490 1444 2555 immorta-

290 2609 386 2675 litate
409 2608 585 2683 sentirent,
609 2607 673 2672 sibi
699 2629 767 2672 non
792 2616 975 2672 constaret.

251 2757 259 2771 κ
292 2744 296 2756 ·
335 2710 467 2813 Quibus
495 2718 865 2812 ¹omnibus-perpensis
896 2736 1012 2804 restat,
1038 2737 1075 2793 ut
1100 2731 1211 2794 verius
1236 2731 1283 2793 ita
1307 2730 1444 2795 conclu-

287 2851 403 2915 datur:
439 2848 540 2913 fuisse
573 2849 748 2912 Romanos
773 2848 906 2924 multos,
931 2851 989 2932 qui
1014 2851 1164 2914 animum
1189 2860 1269 2934 post
1294 2861 1442 2918 mortem

286 2969 514 3035 immortalem
537 2990 610 3033 esse
631 2969 826 3052 probarent,
848 2969 973 3033 multos
991 2970 1048 3053 qui
1070 2980 1244 3053 negarent,
1264 2972 1336 3035 fieri
1357 2994 1441 3038 vero

289 3111 357 3155 non
381 3110 492 3174 posse,
517 3097 553 3152 ut
576 3109 664 3172 quae
685 3089 773 3152 inter
793 3096 955 3172 utrosque
975 3089 1075 3154 suerit
1094 3092 1181 3154 ratio
1200 3093 1441 3171 constituatur,

290 3209 403 3294 plures
433 3217 549 3274 autem
579 3229 683 3292 quam
714 3209 748 3272 in
778 3208 885 3272 titulis
909 3208 1041 3273 eluceat
1065 3209 1166 3273 fuisse
1191 3211 1249 3293 qui
1275 3222 1442 3295 negarent

292 3331 394 3414 idque
420 3329 529 3393 varias
552 3329 597 3392 ob
622 3348 739 3393 causas
763 3350 832 3392 non
855 3349 990 3411 semper
1013 3351 1086 3393 esse
1110 3330 1290 3414 professos

336 3452 431 3533 Lego
455 3450 547 3533 apud
571 3449 818 3513 Buechelerum
843 3449 945 3513 haec:

288 3570 369 3635 Bch.
399 3584 499 3653 1495:
536 3568 630 3633 Nihil
653 3590 767 3632 sumus
787 3577 821 3633 et
843 3569 965 3633 fuimus
984 3570 1154 3634 mortales.
1176 3573 1306 3656 respice
1319 3572 1439 3652 lector,

531 3689 566 3753 in
591 3689 673 3753 nihil
697 3690 740 3753 ab
766 3689 891 3754 nichilo
916 3711 1019 3772 quam
1044 3691 1113 3755 cito
1137 3693 1319 3756 recidimus
1333 3693 1371 3778 ²).

285 3811 366 3875 Bch.
396 3828 496 3894 1493:
532 3809 672 3873 ulterius
697 3809 779 3873 nihil
805 3818 856 3874 est
881 3819 990 3874 morte
1017 3830 1127 3893 neque
1151 3810 1275 3876 utilius

285 3932 366 3997 Bch.
394 3949 507 4014 2143:
533 3931 579 3994 nil
604 3930 683 3994 mali
709 3938 761 3994 est
785 3931 843 3994 ubi
868 3930 914 3993 nil
939 3938 1001 3994 est.

330 4051 556 4118 Conferantur
580 4049 700 4114 Senec.
725 4050 768 4113 ad
795 4049 900 4113 Marc.
924 4050 967 4112 de
991 4049 1118 4114 consol.
1148 4065 1216 4134 19.5
1244 4053 1360 4136 (etiam
1384 4055 1436 4138 4):

208 4157 210 4162 ¹
285 4174 379 4257 quod
413 4193 494 4238 vero
530 4172 640 4255 ipsum
672 4169 755 4233 nihil
788 4177 838 4233 est
869 4177 904 4233 et
938 4170 1053 4233 omnia
1076 4169 1111 4232 in
1136 4170 1278 4235 nihilum
1303 4174 1438 4257 redigit,

288 4294 369 4360 nulli
394 4314 455 4358 nos
478 4292 633 4357 fortunae
658 4291 762 4355 tradit
770 4318 778 4369 ς

354 4413 507 4497 Euripid.
532 4412 609 4477 Alc.
636 4427 717 4495 322:
741 4408 819 4474 ἀλλ’
843 4407 948 4474 αὐτίκ’
968 4410 1000 4474 ἐν
1020 4417 1083 4482 τοῖς
1097 4408 1200 4475 οὐκέτ’
1212 4405 1437 4493 οὗσιλὲξομαι.

632 4535 713 4616 381:
738 4529 822 4597 οὐδὲν
847 4527 918 4596 ἔσθ’
942 4529 955 4593 ὅ
978 4527 1155 4596 κατθανών.

292 4640 474 4656 ——-

318 4705 345 4775 1)
364 4707 396 4757 cl.
416 4708 505 4757 Bruno
523 4705 584 4755 Lier
601 4704 648 4754 l.l.
668 4721 694 4770 p.
714 4705 739 4754 6.

317 4793 346 4861 2)
364 4794 411 4844 ubi
429 4808 497 4860 quae
515 4793 548 4843 de
567 4791 690 4842 Lucretio
708 4798 734 4842 et
753 4789 850 4841 Ouidio
869 4790 1035 4857 adnotantur,
1054 4790 1108 4841 vid.
