3134 5476
692 396 750 445 111

138 560 183 624 ib.
201 573 262 644 197
287 559 350 645 (τὸν
374 556 495 624 ἐοικότα
518 556 642 637 τύμβον
668 556 800 644 ἔχευεν),
824 560 898 637 261,
915 574 929 640 5
937 574 988 642 54.
1002 560 1185 624 Praeterea
1197 580 1226 623 e.
1238 580 1288 642 gr.

140 678 244 745 Hom.
275 680 371 746 Iliad.
398 698 449 745 22.
465 681 539 763 386,
565 680 733 746 Herodot.
764 699 790 744 1.
806 697 859 761 24,
885 678 1047 763 Sophocl.
1070 680 1191 763 Antig.
1221 680 1291 763 196,

146 816 223 884 1975
262 814 335 883 205,
369 802 443 865 206.
489 801 593 884 Verg.
629 800 716 865 Aen.
752 802 873 885 6149,
909 820 940 884 9.
959 817 1034 884 213,
1061 818 1135 881 214.
1172 800 1295 864 Horat.

141 919 255 1002 Epod.
281 934 310 1002 5.
323 939 377 1004 99.

185 1157 242 1221 Ex
275 1159 432 1223 omnibus
462 1160 512 1236 iis,
543 1180 630 1242 quae
663 1168 742 1224 sunt
766 1161 925 1243 exposita
940 1157 962 1245 ¹)
986 1159 1061 1225 luce
1085 1168 1138 1224 est
1162 1158 1292 1237 clarius,

142 1278 260 1361 quanti
281 1280 501 1344 aestimarent
520 1281 651 1364 antiqui
673 1289 825 1345 mortuos
845 1288 968 1344 exacta
982 1281 1053 1344 vita
1065 1301 1133 1345 non
1148 1279 1291 1364 neglegi,

142 1398 176 1460 in
200 1396 329 1463 cultum
352 1419 435 1464 vero
457 1399 697 1465 defunctorum
717 1421 853 1464 omnem
876 1399 1020 1464 conferri
1041 1420 1167 1465 curam.
1181 1399 1292 1483 Quem

141 1518 269 1583 cultum
309 1520 336 1582 si
372 1521 435 1603 ipsi
470 1521 682 1604 susciperent
717 1521 910 1604 propinqui,
946 1521 1112 1603 imprimis
1146 1520 1243 1585 liberi
1256 1519 1293 1605 ²),

141 1640 280 1703 maximi
315 1639 496 1717 faciebant,
532 1643 624 1723 quod
660 1640 794 1705 illorum
830 1641 1044 1724 potissimum
1081 1641 1199 1706 officiis
1229 1641 1292 1705 lrui

141 1759 350 1842 putabantur
385 1763 519 1826 mortui.
553 1761 628 1826 Hac
659 1762 791 1826 ratione
824 1760 894 1824 veri
918 1760 1028 1825 simile
1052 1769 1104 1825 est
1125 1762 1294 1827 adductos

142 1900 216 1944 esse
248 1880 383 1958 multos,
415 1890 453 1945 ut
483 1901 624 1963 operam
655 1882 787 1958 darent,
817 1901 860 1945 ne
884 1881 1039 1945 interiret
1063 1880 1200 1959 familia,
1227 1902 1295 1965 quo

140 1998 232 2065 sacto
266 2000 456 2064 iustissimis
490 2009 594 2084 atque
625 2001 865 2065 efficacissimis
900 2011 979 2085 post
1009 2011 1157 2066 mortem
1192 2003 1295 2067 sacris

140 2119 282 2184 luissent
305 2120 461 2184 destituti
477 2117 511 2206 ³).

188 2240 234 2304 Et
257 2240 355 2305 huius
377 2241 567 2306 sententiae
590 2241 625 2304 in
648 2240 755 2306 titulis
778 2241 937 2324 leguntur
961 2241 1120 2327 exempla
1132 2239 1168 2327 ⁴).

144 2360 226 2424 Bch.
250 2361 335 2440 466:

185 2481 325 2565 triginta
348 2501 514 2547 annorum
538 2490 636 2565 rapta
660 2489 712 2546 est
736 2481 818 2545 mihi
842 2480 901 2545 lux
923 2482 1114 2565 gratissima
1137 2483 1228 2547 vitae

185 2601 286 2666 etde
310 2611 412 2686 gente
437 2623 513 2667 mea
536 2603 628 2666 solus
651 2603 723 2666 sine
747 2601 889 2686 parvola
913 2603 993 2666 vixi.

187 2744 291 2806 quem
304 2733 412 2789 mater
421 2725 579 2789 miserum
592 2723 696 2802 flevit,
706 2725 798 2807 quod
812 2725 950 2808 pietatis
963 2725 1092 2790 honore
1102 2724 1221 2789 relicta
1227 2733 1290 2790 est.

232 2843 361 2929 (relicta
384 2846 405 2908 i.
416 2865 446 2909 e.
471 2845 614 2928 privata.
639 2843 681 2908 cs.
706 2843 788 2907 Bch.
813 2845 889 2927 663.
905 2845 948 2928 2).

185 2965 319 3029 Eodem
342 2973 500 3049 spectant
524 2966 683 3042 carmina,
704 2964 827 3047 quibus
846 2966 998 3048 gaudent
1011 2963 1035 3050 ὃ)
1055 2974 1214 3049 parentes
1226 2966 1290 3031 sibi

140 3093 237 3150 natos
260 3107 334 3150 esse
358 3094 586 3169 natorumque
609 3094 709 3150 natos
722 3083 767 3170 6);

141 3207 222 3272 Βοὴ.
257 3221 340 3292 754:
364 3209 474 3271 tristia
497 3215 575 3271 sunt
599 3207 697 3282 natis,
722 3206 782 3270 sed
807 3205 951 3271 multum
975 3216 1071 3290 grata
1094 3208 1238 3290 parenti,

365 3335 403 3390 ut
425 3327 517 3410 prior
540 3327 574 3390 in
598 3346 718 3410 pacem
743 3326 843 3391 cedat
865 3325 1089 3410 subolemque
1113 3327 1291 3411 relinquat.

144 3446 225 3511 Bch.
243 3448 344 3530 1238:
368 3455 403 3510 et
426 3447 527 3530 genui
551 3455 587 3512 et
610 3447 680 3511 vidi
705 3447 846 3511 iuvenes
872 3468 1036 3531 carosque
1060 3457 1214 3533 nepotes.

141 3581 330 3594 -—

175 3664 202 3731 1)
220 3666 262 3715 De
279 3665 465 3716 acclamatione
483 3672 642 3717 mortuorum
660 3665 693 3716 cf.
711 3666 789 3716 huius
808 3666 870 3717 libri
889 3683 916 3733 p.
936 3666 970 3719 88
991 3684 1050 3734 sqq.

174 3752 202 3820 2)
230 3751 263 3803 cf.
287 3753 363 3803 huius
380 3753 442 3803 libri
460 3770 487 3819 p.
510 3766 558 3804 102
578 3770 637 3819 sqq.
658 3755 758 3804 Dessau
779 3764 860 3819 7991:
885 3755 915 3804 L.
934 3755 1060 3820 Tampius
1079 3757 1111 3806 L.
1121 3756 1139 3806 l.
1157 3756 1291 3822 Ingenuus

145 3839 196 3890 sibi
215 3846 241 3890 et
259 3840 401 3890 Crassiciae
420 3841 448 3890 P.
459 3840 477 3890 l.
497 3841 608 3906 Helpidi
626 3841 701 3891 uxori
720 3856 781 3891 suae
799 3841 911 3891 colenda
926 3857 986 3891 ossa
1001 3848 1028 3891 et
1044 3842 1143 3892 cineres
1158 3844 1291 3893 suiscom·

145 3927 308 3976 mendarunt.
327 3927 394 3977 Ibid.
414 3925 498 3991 81352
517 3929 585 3977 bene
604 3928 639 3977 sit
657 3927 708 3977 filis
727 3927 830 3977 filiabus
847 3928 914 3977 meis
934 3928 980 3993 qui
999 3944 1040 3978 me
1059 3929 1127 3979 bene
1146 3929 1290 3980 coluerunt.

174 4013 203 4081 3)
221 4014 255 4064 cf.
274 4013 373 4079 Speyer
390 4015 449 4064 Mos
467 4015 595 4065 Maiomm
614 4031 641 4081 p.
661 4027 703 4079 30.
723 4015 817 4065 Rohde
836 4014 879 4065 l.1.
898 4013 929 4064 1³
948 4031 974 4080 p.
994 4025 1043 4080 251
1065 4022 1092 4065 et
1110 4017 1198 4068 adnot.
1219 4030 1243 4082 3.

173 4097 204 4170 4)
223 4100 256 4150 cl.
281 4101 382 4152 Dessau
407 4099 508 4152 8082a:
533 4109 561 4152 ut
580 4104 648 4152 bene
668 4109 694 4153 et
713 4102 806 4152 merito
825 4102 944 4151 credatur
963 4118 1113 4168 procreasse
1132 4103 1214 4154 filium
1232 4111 1293 4171 post

145 4187 254 4237 multum
280 4188 406 4254 temporis
433 4188 599 4239 intervallum
626 4189 752 4254 reliquias
778 4189 930 4238 recollectas
955 4189 1083 4239 tumulum
1102 4190 1152 4240 tibi
1169 4192 1294 4241 constitui

147 4280 267 4325 aeternae
285 4273 377 4324 domus
396 4290 446 4340 ego
464 4275 564 4324 Primus
583 4275 659 4325 filius.
678 4274 846 4325 simillimum
865 4273 959 4324 80821.

178 4361 205 4428 5)
225 4362 323 4411 Contra
347 4377 370 4411 e.
380 4377 418 4426 gr.
436 4362 500 4411 Bch.
519 4361 571 4426 369
589 4368 671 4411 mater
690 4361 785 4426 senior,
804 4376 871 4425 quae
890 4377 950 4410 suos
969 4360 1065 4428 amisit,
1084 4362 1212 4427 exemplis
1229 4362 1294 4413 rele-

147 4448 253 4498 rendam
262 4463 319 4497 esse
328 4447 392 4498 dicit
402 4448 529 4497 desertam
539 4454 710 4512 senectutem,
719 4453 748 4497 ut
758 4446 859 4496 steriles
868 4462 929 4496 rere
941 4448 1044 4512 possint
1054 4449 1167 4512 gaudere
1176 4450 1292 4500 maritae.

300 4536 362 4584 Βοὴ.
384 4534 449 4599 382:
467 4535 515 4584 hec
535 4535 623 4584 docuit
642 4542 736 4584 matres
755 4534 862 4584 miseras
882 4550 935 4583 non
955 4534 1047 4583 tollere
1065 4542 1151 4586 natos.

226 4622 273 4672 sed
296 4622 359 4672 Bch.
378 4621 444 4684 647:
464 4629 540 4672 natos
559 4622 655 4671 habere
673 4622 745 4670 bonu
765 4628 815 4688 est,
832 4621 855 4670 si
873 4636 927 4669 non
946 4620 999 4670 sint
1017 4620 1108 4670 invida
1125 4622 1185 4672 iata.

175 4708 373 4776 6)cs.1)essau
392 4707 460 4774 8185
480 4710 509 4759 in
528 4709 745 4760 comminatione:
766 4709 872 4758 ultimus
892 4722 997 4758 suorum
1012 4709 1145 4759 moriatur.
1162 4709 1225 4759 Bch.
1243 4707 1291 4759 86:

153 4795 248 4847 decessi
267 4797 347 4863 prior.
