3134 5476
770 355 789 420 8

204 540 304 606 valde
324 539 453 604 habent
473 540 603 615 vitiata,
624 558 780 622 quaeque
793 545 902 602 artem
914 557 995 601 sane
1008 537 1180 621 po'eticam
1193 539 1354 622 produnt,

204 682 348 744 quorum
373 669 489 724 tamen
513 660 672 743 exempla
691 679 858 742 nusquam
878 656 1045 740 leguntur.
1063 656 1186 740 Qualia
1205 659 1357 722 carmina

205 801 273 845 non
308 780 522 862 impedimur,
547 781 727 863 quominus
750 778 794 842 ab
818 778 858 842 iis
882 778 1020 842 condita
1044 798 1116 842 esse
1141 778 1354 855 arbitremur,

204 902 261 983 qui
282 920 489 982 quamquam
511 900 628 963 divino
648 898 799 981 quodam
817 898 937 981 spiritu
949 897 1008 961 lati
1022 898 1113 962 nulla
1126 907 1241 962 tamen
1254 899 1355 962 laude

205 1021 340 1104 poetica
374 1018 548 1083 floruerint
565 1018 596 1103 ¹).
633 1019 793 1083 Fortasse
826 1039 903 1082 cum
936 1019 1091 1083 Focillon
1105 1018 1130 1102 ²)
1163 1027 1356 1102 poetastros

205 1159 341 1224 quoque
373 1140 543 1202 exstitisse
574 1139 812 1203 coniciendum
837 1139 911 1213 erit,
936 1159 1080 1221 quorum
1104 1139 1217 1202 studia
1240 1160 1356 1222 super·

205 1261 302 1325 stites
334 1259 583 1334 conducebant,
616 1268 654 1323 ut
685 1259 724 1322 iis
749 1259 963 1342 potissimum
987 1265 1022 1322 et
1046 1258 1129 1321 vitia
1153 1257 1259 1322 multa
1273 1255 1296 1341 3)
1321 1267 1356 1322 et

207 1380 331 1444 multos
355 1387 518 1443 centones
542 1380 691 1443 tribuere
715 1377 826 1442 liceat.

250 1501 371 1563 Restat
392 1508 428 1562 ut
441 1519 550 1582 pauca
563 1498 674 1563 dicam
687 1500 730 1562 de
743 1499 964 1582 temporibus,
978 1499 1101 1582 quibus
1114 1499 1264 1563 carmina
1277 1508 1357 1563 sunt

207 1629 296 1685 nata.
329 1621 391 1683 Est
415 1640 573 1683 numerus
598 1621 785 1683 carminum
808 1621 888 1683 satis
912 1641 1064 1703 magnus,
1089 1641 1176 1703 quae
1201 1629 1259 1684 aut
1283 1621 1356 1704 ipsa

206 1748 264 1804 aut
295 1742 329 1804 in
361 1739 539 1823 adscriptis
571 1739 695 1803 indicia
719 1739 893 1822 proferant
917 1761 967 1816 ea,
992 1741 1082 1803 unde
1107 1761 1176 1823 quo
1200 1749 1356 1824 tempore

207 1869 285 1924 nata
309 1859 364 1923 vel
388 1861 501 1943 potius
521 1859 684 1941 inscripta
704 1860 771 1922 sint
792 1861 951 1935 carmina,
973 1860 1106 1923 efficere
1126 1859 1237 1924 liceat.
1259 1859 1357 1943 Quae

206 1979 332 2043 indicia
356 1979 464 2062 magis
488 1979 641 2041 minusve
667 1986 760 2041 certa
784 1986 842 2041 aut
865 1979 1078 2062 ambiguiora
1102 1988 1190 2043 sunt.

251 2099 331 2164 Alia
354 2100 445 2164 enim
466 2099 626 2174 carmina,
647 2099 680 2161 in
701 2099 824 2180 quibus
843 2099 1032 2182 consules⁴l
1053 2099 1124 2162 sive
1138 2101 1323 2184 imperator
1332 2098 1357 2183 ⁵)

207 2222 436 2296 nominantur,
469 2219 522 2284 vel
557 2221 669 2303 ipsum
705 2217 868 2302 2111111116)
901 2219 1070 2297 indicant;
1103 2220 1179 2296 alia,
1212 2221 1357 2283 militum

207 2341 346 2406 tumulis
382 2340 530 2423 exempli
559 2340 668 2422 gratia
700 2340 870 2423 inscripta,
902 2340 995 2422 quod
1029 2341 1063 2402 in
1088 2341 1128 2403 iis
1151 2348 1187 2403 et
1209 2340 1298 2423 legio
1323 2349 1358 2404 et

209 2462 350 2545 legionis
380 2461 483 2524 statio
514 2457 673 2543 legitur⁷J
706 2468 841 2543 tempus
871 2461 1092 2543 amplioribus
1124 2461 1248 2525 finibus
1278 2482 1358 2525 con·

242 2771 269 2839 1)
293 2771 326 2822 11.
351 2771 446 2821 Plessis
464 2770 508 2821 1.1.
528 2787 554 2836 p.
574 2771 705 2820 XXVIII:
727 2771 807 2836 „elles
825 2770 855 2838 (i.
866 2787 888 2821 e.
907 2771 946 2821 les
965 2771 1135 2838 inscriptions
1155 2773 1305 2841 litteraires)
1323 2790 1358 2823 ne

212 2866 289 2923 „sont
307 2873 354 2923 pas
373 2872 443 2907 assez
461 2857 652 2922 personnelles‚
671 2873 738 2921 pour
756 2856 838 2921 qu'on
856 2857 895 2907 les
914 2858 1025 2907 attribue
1044 2859 1060 2908 b
1078 2858 1123 2908 des
1139 2858 1231 2924 poetes
1247 2875 1358 2927 cunnus,

212 2943 291 3009 „d'un
318 2944 400 2994 talent
428 2943 548 3008 original.
573 2944 693 2993 Certains
719 2944 811 2994 details
831 2944 863 2993 de
883 2945 981 2994 facture
1000 2953 1026 2993 et
1044 2945 1077 2994 de
1095 2946 1269 3011 composition
1290 2962 1358 2996 nous

211 3031 285 3096 „sont
310 3046 404 3096 penset
422 3029 532 3095 qu’elles
553 3036 612 3080 sont
631 3031 694 3080 bien
713 3030 774 3095 plus
792 3038 903 3080 souvent
921 3031 1029 3080 l'oeuvre
1048 3030 1211 3099 d’amateurs,
1231 3048 1265 3082 ou
1284 3041 1359 3098 peut·

211 3119 282 3184 „etre
301 3118 335 3167 de
353 3117 444 3182 poetes
463 3116 653 3183 specialium&

239 3203 268 3271 2)
286 3205 370 3255 Henri
391 3204 511 3254 Focillon
530 3203 719 3270 praefationem
737 3203 842 3268 scripsit
860 3204 921 3254 libri
940 3205 1047 3271 laudati,
1067 3205 1113 3270 qui
1129 3206 1279 3255 inscribitur
1295 3207 1359 3272 Epi-

210 3291 303 3356 taphes
322 3297 371 3340 etc.

240 3378 268 3446 3)
286 3377 471 3443 Lapicidarum
490 3378 653 3443 ignorantiae
672 3378 872 3443 imperitiaeque
891 3378 972 3428 multa
991 3379 1056 3428 vitia
1074 3380 1213 3430 tribuenda
1232 3395 1359 3430 essenon

209 3479 293 3530 neg03
320 3465 463 3530 scripturae
491 3471 577 3514 autem
604 3465 699 3514 menda
725 3480 755 3514 ea
780 3464 944 3529 potissimum
969 3465 1048 3515 fuisse
1067 3473 1132 3530 puto
1151 3465 1196 3532 (11.
1215 3467 1278 3516 Bch.
1297 3478 1360 3533 479,

208 3549 271 3617 4841
297 3564 360 3617 4901
384 3562 447 3616 4931
471 3565 533 3616 4941
557 3560 620 3616 4951
644 3563 708 3617 4991
735 3560 796 3616 5931
816 3561 877 3617 5051
897 3560 957 3616 5ῙῙ1
977 3560 1038 3617 5¹²⁷
1058 3552 1118 3618 5161
1139 3562 1199 3619 5171
1219 3552 1280 3620 5181
1300 3563 1361 3620 5251

212 3647 272 3704 535,
293 3647 352 3703 541,
372 3638 432 3704 562,
451 3638 513 3704 563,
533 3637 594 3704 576,
613 3638 676 3704 601,
695 3638 756 3704 613,
776 3638 836 3705 627,
857 3648 917 3704 793,
937 3638 1359 3705 2112),9112111111111111111101111

210 3724 282 3775 vitiis
309 3724 501 3775 confundantur
525 3724 570 3791 (cf.
597 3725 661 3775 Bch.
679 3734 741 3791 497,
761 3734 811 3790 512
831 3724 893 3792 alia)
912 3725 1057 3775 cavendum
1075 3733 1123 3792 est,
1142 3727 1193 3775 nisi
1209 3743 1288 3793 saepe
1305 3743 1360 3776 non

211 3817 264 3862 tam
282 3811 346 3862 vitia
364 3826 442 3877 quam
460 3811 574 3877 vulgaris
592 3812 719 3862 sermonis
738 3811 835 3862 formae
854 3813 939 3862 inesse
948 3813 1034 3862 verius
1045 3813 1231 3878 intellegantur
1240 3813 1286 3880 (cs.
1296 3814 1359 3863 Bch.

212 3912 264 3963 493
283 3899 388 3965 lugeam
407 3915 455 3964 pro
474 3899 581 3966 lugebo,
600 3900 652 3963 496
669 3900 754 3951 simile
774 3900 878 3951 titulum
895 3900 1001 3967 [Georg.
1018 3902 1083 3950 Lex.
1099 3902 1157 3950 Lat.
1174 3901 1268 3951 worn.
1285 3919 1305 3951 s.
1315 3901 1362 3968 v.],

211 3985 264 4049 498
283 4002 424 4052 praegnax,
444 3986 495 4051 548
515 3987 585 4037 10121
605 4003 653 4052 pro
672 3987 731 4054 soli,
753 3988 802 4051 562
823 3987 902 4037 dicite
922 3994 959 4053 ut,
978 3987 1029 4051 613
1049 3988 1205 4054 dubitamm,
1225 3986 1296 4054 alia).

241 4071 271 4138 4)
289 4072 322 4122 11.
341 4073 404 4123 Bch.
425 4083 486 4139 371,
504 4088 567 4141 422,
587 4075 648 4140 649,
668 4074 729 4140 650,
749 4073 800 4138 652
820 4074 879 4123 2112.

243 4157 271 4226 5)
289 4159 322 4210 11.
342 4160 404 4212 Bch.
422 4160 490 4224 448:
520 4161 649 4212 Mocimus
677 4160 790 4210 Sabinae
816 4161 928 4226 Augusti
944 4159 973 4226 (1.
985 4177 1008 4211 e.
1029 4159 1179 4227 Commodi)
1199 4161 1295 4212 sororis
1313 4162 1360 4212 lib.

212 4243 312 4313 s(ecit).
332 4247 395 4296 Bch.
416 4258 479 4311 427.

242 4331 271 4399 6)
290 4332 322 4382 11.
342 4334 421 4383 etiam
439 4334 502 4384 Bch.
522 4343 573 4398 517
589 4329 689 4386 Auziae
699 4341 838 4400 repertum,
849 4334 997 4384 dedicatum
1007 4350 1076 4384 anno
1086 4334 1238 4400 provinciae
1247 4334 1362 4403 (Maure-

212 4418 310 4486 taniae)
329 4420 426 4470 CCXX
446 4421 492 4486 qui
511 4427 551 4470 est
569 4420 667 4470 Christi
686 4430 747 4484 259.
767 4420 933 4471 simillimum
953 4421 1017 4472 Bch.
1038 4431 1098 4486 570.

244 4505 272 4573 7)
290 4507 323 4556 11.
342 4506 406 4556 Bch.
426 4518 491 4571 373:
511 4508 702 4574 praescriptum
720 4508 814 4558 habet:
830 4508 862 4557 T.
879 4508 1008 4558 Caecilius
1018 4508 1049 4557 T.
1060 4509 1078 4558 f.
1090 4508 1218 4576 Gal(eria)
1229 4509 1363 4559 Ausonius

211 4592 266 4642 mil.
294 4593 346 4658 leg.
375 4593 497 4643 1111....
525 4595 568 4644 hic
596 4594 661 4644 situs
687 4600 734 4644 est.
758 4593 840 4658 Lapis
860 4609 943 4660 prope
962 4595 1158 4659 Moguntiacum
1176 4602 1293 4660 repertus
1312 4602 1360 4645 est.

212 4681 296 4745 Legio
325 4688 418 4746 quarta
445 4687 532 4731 autem
554 4681 718 4747 Mogontiaci
742 4688 826 4731 castra
844 4681 958 4732 habebat
976 4699 991 4732 a
1010 4694 1126 4746 43-70.
1145 4683 1280 4732 Praeterea
1298 4683 1362 4732 Bch.

213 4778 275 4833 407,
294 4766 356 4834 489,
378 4778 437 4834 520,
458 4767 518 4834 558,
538 4776 598 4832 573·
