3134 5476
849 431 867 485 2

281 599 477 686 antiquitas,
509 603 723 667 considerare
747 612 783 667 et
805 623 1011 686 cognoscere
1036 603 1218 685 unicuique
1240 601 1431 686 apparebit,

282 725 340 807 qui
371 745 486 787 secum
515 724 732 807 reputaverit,
758 732 923 805 quantum
948 724 991 787 ad
1017 724 1107 787 vitae
1131 724 1308 806 degendae
1332 724 1432 787 ratio·

282 864 361 907 nem
393 843 539 920 valeant,
572 864 659 926 quae
691 843 846 907 homines
878 844 948 907 vita
980 851 1119 927 peracta
1146 842 1210 907 sibi
1235 843 1432 926 contingere

282 973 453 1028 censeant.
487 965 580 1029 Mors
611 966 702 1028 enim
733 985 793 1028 sua
825 985 997 1047 quemque
1021 973 1147 1028 manet.
1174 963 1240 1046 Qui
1264 985 1346 1028 vero
1370 985 1433 1048 pro

282 1093 376 1148 certo
399 1085 528 1148 habent
553 1093 699 1149 mortem
723 1086 813 1149 vitae
840 1084 942 1148 finem
967 1084 1087 1160 facere,
1113 1085 1217 1148 itaut
1237 1085 1432 1149 exhomine

282 1205 365 1269 nihil
402 1213 508 1268 restet
547 1206 609 1269 nisi
650 1206 734 1268 cinis
766 1205 946 1290 pulvisque
977 1206 1135 1288 exiguus,
1167 1206 1273 1269 vitam
1306 1206 1432 1288 degant

283 1346 420 1389 necesse
441 1334 493 1389 est
512 1327 620 1389 securi
642 1334 677 1389 et
696 1325 835 1403 hilares;
854 1327 880 1389 si
895 1326 952 1408 qui
965 1334 1079 1390 autem
1093 1327 1243 1390 animum
1256 1346 1432 1409 superesse

282 1455 415 1530 putent,
439 1447 500 1510 hos
524 1467 565 1510 ea
589 1448 679 1510 vitae
704 1447 836 1511 ratione
860 1448 909 1510 uti
934 1449 1004 1510 veri
1023 1446 1132 1510 simile
1151 1455 1213 1523 est,
1227 1467 1314 1530 quae
1327 1447 1431 1511 talem

282 1576 408 1631 statum
433 1576 576 1651 spectet.

326 1687 431 1752 Tituli
462 1697 576 1752 autem
608 1687 812 1772 sepulcrales
844 1689 877 1751 in
909 1688 1085 1752 hominum
1109 1689 1287 1752 sententiis
1311 1690 1432 1753 diiudi-

282 1809 399 1872 candis
423 1829 492 1872 non
512 1809 608 1892 parvi
633 1809 798 1872 momenti
822 1829 895 1872 esse
916 1808 1013 1872 facile
1033 1809 1246 1892 perspicitur.
1260 1808 1329 1872 Res
1342 1810 1432 1874 enim

282 1928 330 1991 ita
361 1926 435 2004 fert,
459 1936 497 1991 ut
520 1936 593 1991 tum
617 1929 765 1992 maxime
791 1949 868 1992 cum
891 1949 971 1993 suos
995 1938 1105 1993 morte
1129 1929 1290 2013 abreptos
1314 1931 1433 1995 vident

282 2049 447 2126 homines,
480 2050 523 2113 de
547 2069 589 2112 eo
613 2049 767 2131 cogitent
790 2050 872 2132 quid
897 2051 941 2114 sit
965 2070 1056 2113 mors
1080 2071 1119 2114 ac
1144 2059 1319 2132 quaerant,
1345 2071 1432 2134 quae

282 2171 350 2234 sint
381 2178 459 2253 post
492 2179 636 2234 mortem
661 2170 725 2234 sibi
750 2179 878 2254 parata,
903 2171 952 2254 (id
977 2172 1069 2254 quod
1095 2180 1211 2235 mente
1235 2173 1293 2234 vix
1317 2181 1432 2256 potest

283 2289 542 2374 comprehendi)
567 2299 601 2354 et
626 2312 703 2355 cum
721 2290 839 2355 titulos
859 2293 1044 2355 memoriae
1063 2293 1172 2374 gratia
1192 2292 1432 2376 insculpendos

283 2418 412 2487 curant,
437 2410 476 2474 iis
500 2410 714 2494 potissimum
735 2413 778 2475 ad
798 2411 930 2475 animos
949 2432 1028 2475 suos
1048 2411 1234 2495 placandos
1246 2421 1305 2475 aut
1317 2433 1431 2496 super·

282 2531 378 2594 stites
402 2531 494 2595 luctu
519 2532 663 2595 afflictos
685 2531 912 2597 consolandos
935 2552 1023 2615 quae
1045 2532 1088 2595 de
1108 2554 1143 2596 re
1163 2541 1235 2597 tam
1254 2534 1349 2615 gravi
1368 2533 1432 2597 sibi

283 2652 472 2729 videantur,
497 2651 698 2735 significent.

327 2771 475 2837 Accedit
495 2775 588 2856 quod
609 2775 839 2857 unusquisque
860 2774 974 2852 homo,
996 2775 1053 2857 qui
1075 2795 1212 2838 suorum
1232 2776 1432 2840 memoriam

283 2895 317 2957 in
348 2896 569 2977 superstitum
600 2896 721 2959 animis
753 2895 889 2958 retineri
923 2896 1027 2979 cupit,
1052 2896 1240 2962 dummodo
1264 2898 1432 2981 lapicidae

282 3014 437 3079 solvendi
471 3014 649 3080 facultates
679 3016 911 3099 suppeditent,
944 3015 1082 3080 titulum
1105 3016 1210 3101 lapidi
1235 3019 1289 3082 vel
1313 3041 1432 3084 monu-

283 3143 400 3200 mento
436 3137 689 3200 inscribendum
728 3145 838 3213 curat,
871 3156 939 3219 quo
971 3135 1010 3199 fit
1041 3145 1078 3200 ut
1109 3137 1197 3201 tituli
1229 3139 1433 3222 sepulcrales

284 3258 450 3340 aptissimi
493 3259 575 3333 sint,
616 3258 673 3340 qui
709 3257 861 3322 indicent
896 3257 1076 3340 opiniones
1111 3257 1218 3341 vulgi,
1255 3259 1433 3324 doctorum

283 3386 318 3441 et
348 3376 630 3461 philosophorum
662 3378 840 3441 sententiis
872 3377 1026 3440 nondum
1057 3369 1161 3453 tacti,
1185 3377 1307 3460 quibus
1330 3399 1432 3463 saepe

283 3505 503 3581 opponuntur
513 3492 550 3581 ¹).
571 3496 676 3560 Tituli
695 3497 798 3579 igitur
817 3495 1021 3579 sepulcrales
1042 3496 1185 3560 multum
1199 3497 1378 3563 conferunt
1389 3502 1434 3564 ad

283 3619 522 3700 cognoscenda
542 3616 719 3680 hominum
740 3618 783 3681 de
804 3617 1005 3681 condicione
1022 3625 1100 3699 post
1113 3626 1259 3681 mortem
1272 3620 1432 3701 cogitata.

328 3738 397 3802 Res
420 3746 535 3801 autem
558 3758 654 3800 suam
678 3735 784 3801 habet
807 3736 1053 3800 difficultatem.

328 3857 428 3921 Multi
460 3857 551 3921 enim
583 3857 748 3933 homines,
780 3857 870 3921 tituli
904 3857 1135 3941 componendi
1165 3865 1225 3921 aut
1252 3859 1352 3922 rudes
1376 3867 1434 3922 aut

283 3978 466 4061 segniores,
487 3977 604 4041 titulos
624 3976 795 4061 lapidibus
815 3978 939 4041 incisos
959 3986 994 4041 et
1015 3976 1069 4040 hic
1082 3976 1149 4041 illic
1163 3978 1315 4041 omnium
1329 3979 1434 4042 oculis

283 4099 454 4163 subiectos
479 4100 537 4162 vix
561 4098 819 4194 cohibebantur,
841 4099 923 4181 quin
944 4097 1243 4162 transscriberent:
1264 4098 1380 4182 itaque
1400 4099 1434 4162 in

288 4409 410 4474 „obscurs
435 4423 469 4457 ou
494 4405 659 4472 d‘amateurs,
682 4405 702 4455 il
726 4405 851 4455 convient
876 4404 910 4454 de
935 4420 969 4454 ne
994 4419 1041 4469 pas
1067 4403 1106 4453 les
1124 4402 1227 4452 oublier
1245 4408 1272 4452 et
1290 4402 1323 4452 de
1341 4402 1434 4453 rendre

287 4495 394 4560 „justice
421 4495 436 4544 a
459 4493 564 4560 l'effort‚
590 4493 636 4558 qui
660 4492 699 4542 les
724 4509 740 4542 a
758 4491 902 4542 elaborees.
922 4491 957 4540 Et
975 4497 1069 4556 touteS,
1087 4489 1149 4538 d'ou
1169 4489 1280 4555 qu'elles
1298 4490 1434 4555 viennent,

287 4583 405 4648 „quelles
430 4579 542 4647 qu'elles
566 4581 662 4646 soient,
682 4578 827 4629 mediocres
852 4594 886 4628 ou
911 4577 1083 4642 clamantes,
1101 4582 1258 4626 conservent
1276 4591 1328 4625 une
1347 4576 1436 4626 valeur

288 4670 449 4735 „historique
474 4676 500 4718 et
525 4667 633 4733 morale,
656 4682 723 4716 nous
747 4667 917 4730 reuseignent
942 4681 985 4714 sur
1007 4664 1033 4714 lo
1052 4663 1094 4713 vie
1114 4670 1140 4712 et
1158 4662 1234 4712 l'dme
1254 4663 1300 4713 des
1317 4663 1436 4713 hommes

288 4764 384 4821 ,murts
403 4755 423 4804 il
441 4771 458 4820 y
473 4771 489 4804 a
507 4754 575 4804 deux
593 4753 666 4803 mille
685 4769 741 4819 ans,
761 4759 787 4802 et
805 4751 871 4802 dont
885 4752 911 4801 le
928 4767 990 4800 nom
1006 4751 1127 4800 demeure
1144 4749 1194 4800 fixe
1204 4765 1247 4800 sur
1256 4765 1299 4799 ces
1310 4748 1435 4815 pierres.”

326 4841 352 4910 1)
370 4843 403 4893 cf.
423 4842 519 4892 Plessis
537 4839 584 4892 l.l.
604 4857 631 4906 p.
651 4840 709 4890 LII.
