3134 5476
865 381 902 449 18

309 578 369 645 515
396 571 431 627 et
454 563 596 647 passim;
622 564 664 629 cf.
686 565 767 630 Bch.
796 565 930 650 15673:
955 566 1026 629 otio
1051 584 1126 627 sum
1139 570 1306 646 perpetuo
1318 561 1457 626 tradita.

306 685 437 747 Dessau
459 685 567 768 7961:
592 687 688 767 quies
709 685 870 750 Claudiae
892 685 1033 760 Priscae,
1054 685 1139 766 8032
1161 684 1217 767 (z
1234 682 1335 766 8512)
1348 681 1457 765 quieti

305 814 475 880 aeternae,
509 805 591 887 8031
620 806 695 889 paci
721 814 756 870 et
780 807 885 889 quieti
909 815 1079 881 aeternae,
1104 805 1188 885 8151
1218 802 1334 867 Multis
1357 803 1457 866 annis

306 924 499 1007 navigando
536 934 570 990 et
606 928 856 1010 peregrinando
891 927 979 991 hanc
1014 927 1095 991 sede
1130 925 1225 1010 (sic!)
1260 925 1331 1008 peti
1367 923 1403 1008 (i.
1425 944 1455 987 e.

305 1046 388 1127 petii
411 1075 450 1100 =
473 1047 590 1129 petivi,
626 1047 667 1112 cs.
704 1048 827 1132 Georg.
861 1049 945 1112 LeX.
978 1048 1055 1112 Lat.
1088 1046 1211 1111 Wortf.
1236 1066 1262 1109 s.
1283 1045 1340 1129 v.),
1366 1044 1454 1129 7962

305 1163 406 1247 (lassa
430 1167 635 1252 requiescit).

349 1405 443 1469 Mors
466 1407 611 1471 dolorem
636 1407 836 1471 mortalibus
859 1405 1005 1491 eripit¹).

304 1525 385 1589 Bch.
409 1544 504 1610 904:
575 1549 665 1592 mors
685 1550 739 1592 me
755 1529 971 1612 adsequetur,
984 1536 1065 1591 tunc
1078 1527 1160 1591 mihi
1174 1528 1331 1590 demetur
1342 1523 1451 1589 dolor.

304 1645 385 1709 Bch.
411 1648 502 1711 86.2:
573 1648 702 1712 nullum
726 1649 880 1713 dolorem
904 1649 947 1712 ad
973 1647 1098 1711 inferos
1123 1666 1256 1710 mecum
1281 1644 1353 1709 tuli.

303 1766 384 1831 Bch.
413 1783 489 1850 155:
569 1790 657 1852 quae
678 1768 742 1832 sibi
762 1768 916 1832 dolorem
936 1768 1052 1851 iripuit
1072 1768 1134 1851 (sic
1146 1768 1168 1851 l)
1181 1775 1216 1829 et
1229 1766 1329 1830 matri
1343 1765 1450 1828 dedit.

302 1886 382 1950 Bch.
409 1902 546 1971 513141
572 1889 664 1953 Nihil
688 1887 788 1952 doleo
813 1909 875 1952 nec
900 1889 1006 1952 deest.

303 2005 344 2070 cs.
370 2007 452 2070 Βοὴ.
475 2008 593 2089 4246:

346 2135 382 2190 et
405 2128 555 2192 coniunx
579 2129 701 2193 misera
724 2129 827 2192 finem
852 2128 1002 2211 deposco
1026 2127 1148 2203 dolori,
1172 2127 1192 2189 i.
1206 2146 1235 2189 e.
1259 2133 1416 2190 mortem.

347 2369 419 2433 Nec
444 2368 589 2452 amplius
611 2369 703 2434 curis
726 2367 951 2432 conficiuntur
975 2376 1053 2451 post
1077 2375 1232 2431 mortem.

302 2489 383 2554 Bch.
406 2507 490 2575 437:
560 2489 664 2553 Liber
688 2509 777 2553 nunc
799 2488 887 2552 curis
911 2487 1031 2551 fuerim
1055 2489 1123 2571 qui,
1148 2488 1277 2571 respice
1302 2486 1421 2550 lector.

301 2610 383 2674 Βοὴ.
402 2625 535 2694 1301.7:
560 2630 615 2673 me
636 2629 725 2673 nunc
745 2617 884 2691 torquet
895 2628 1001 2684 amor,
1014 2608 1078 2671 tibi
1091 2607 1196 2670 tristis
1209 2627 1288 2671 cura
1301 2606 1451 2683 recessit,

601 2729 824 2812 Lethaeoque
848 2729 938 2792 iaces
962 2727 1101 2791 condita
1124 2726 1346 2810 sarcophago

346 2848 423 2931 Quo
447 2848 553 2912 verbo
578 2848 732 2912 Lethaeo
756 2850 859 2912 etiam
880 2847 1049 2911 indicatur
1061 2849 1095 2911 in
1116 2868 1227 2911 rerum
1240 2847 1452 2912 oblivionem

300 2970 433 3033 venisse
457 2976 638 3033 mortuam.

300 3089 381 3153 Bch.
411 3089 495 3171 1580
508 3086 550 3172 ²):

344 3230 433 3273 nunc
457 3211 570 3292 recipe
594 3229 658 3284 me,
684 3229 775 3285 saxe,
799 3207 923 3286 libens;
949 3216 1065 3272 tecum
1089 3228 1169 3273 cura
1191 3207 1322 3272 solutus
1346 3227 1416 3272 ero.

300 3329 629 3414 Bch.1496.2:nunc
652 3349 767 3393 sumus
791 3337 828 3393 ut
852 3329 984 3406 luimus,
1010 3350 1090 3393 cura
1114 3328 1232 3393 relicta
1255 3329 1341 3392 vale.

300 3449 584 3532 Bch.1533.5:hic
610 3469 703 3513 meas
726 3449 870 3532 deposui
895 3469 991 3513 curas
1015 3469 1202 3532 omnesque
1225 3449 1369 3526 labores,

520 3570 720 3654 (sideranon
729 3571 834 3633 timeo
843 3570 897 3633 hic
908 3590 970 3633 nec
980 3569 1115 3632 nimbos
1124 3589 1187 3633 nec
1196 3589 1288 3633 mare
1297 3590 1447 3646 saevum,

522 3709 584 3753 nec
604 3699 721 3755 metuo
738 3699 894 3774 sumptus
915 3690 948 3754 ni
969 3696 1149 3773 quaestum
1168 3690 1304 3754 vincere
1317 3690 1448 3774 possit.)

344 3810 470 3885 Verba,
495 3818 533 3873 ut
546 3820 698 3894 apparet,
712 3812 918 3888 mercatoris,
933 3810 990 3894 qui
1004 3810 1049 3874 ob
1062 3819 1242 3893 quaestum
1255 3810 1448 3875 faciendum

299 3930 422 3994 multas
446 3930 532 3995 vidit
555 3938 674 3995 terras.

298 4050 379 4114 Bch.
409 4051 546 4134 1829.1t
591 4050 696 4116 Liber
720 4059 754 4115 et
777 4059 920 4115 exuctus
933 4047 958 4134 ³)
982 4071 1072 4116 cura.

306 4197 492 4209 ————

331 4282 357 4350 1)
376 4283 475 4334 Contra
492 4284 556 4334 Bch.
578 4284 686 4350 1305.8:
712 4286 787 4336 durat
812 4293 839 4336 et
856 4285 951 4335 infixus
970 4292 1059 4335 noster
1077 4285 1154 4335 dolor
1170 4285 1205 4336 ad
1223 4285 1311 4352 Stygis
1328 4285 1412 4338 undas

747 4388 763 4423 a
783 4372 843 4423 satis
861 4381 951 4438 raptae
970 4372 1091 4438 coniugis
1110 4388 1124 4422 e
1143 4372 1266 4424 thalamo.

328 4457 361 4507 cs.
368 4457 422 4507 Kb.
432 4470 494 4520 144:
505 4453 547 4504 nal
558 4453 583 4504 ἐν
591 4453 721 4518 φθιμένοιο
730 4457 798 4518 μετὰ
809 4456 889 4515 λύπης
903 4456 909 4524 Ι
923 4455 984 4520 εἶμί,
991 4459 1101 4507 λιποῦσα
1110 4458 1183 4507 πόσιν
1191 4458 1232 4507 nica
1242 4455 1318 4507 τέκνα
1323 4475 1366 4520 μοι
1373 4457 1448 4522 φίλια

299 4543 511 4610 A.P.V11278,
531 4542 655 4608 Sophocl.
675 4542 771 4609 Oedip.
790 4543 852 4608 Tyr.
872 4554 915 4609 30,
934 4545 1013 4608 Verg.
1037 4546 1104 4595 Aen.
1124 4545 1148 4611 6,
1169 4557 1230 4611 333,
1248 4560 1309 4610 444.

328 4629 357 4697 2)
380 4630 454 4680 Idem
476 4630 547 4696 apud
567 4629 734 4679 Cholodniak
756 4628 823 4693 1158
848 4628 984 4696 (Carmina
1002 4631 1159 4697 sepulcralia
1176 4632 1259 4682 latina
1277 4632 1447 4701 epigraphica

300 4717 408 4781 collegit
425 4717 556 4767 Iohannes
576 4715 751 4767 Cholodniak.
770 4716 812 4766 ed.
830 4716 921 4784 altera,
940 4717 1075 4784 Petropoli
1097 4717 1185 4785 1904).

328 4802 357 4872 3)
375 4811 483 4855 exuetus
496 4825 521 4846 =
535 4811 637 4854 exutus.
656 4804 690 4854 cl.
709 4803 772 4854 Bch.
793 4803 902 4868 748.11:
922 4805 1024 4856 eunctis
1043 4812 1120 4856 exuta
1138 4805 1222 4856 malis.
