3134 5476
690 394 730 459 91

135 553 221 618 ibid.
236 555 351 619 186εεὶ
375 553 452 636 Φίλε
476 554 644 621 πυνθάνεαι
668 555 717 629 τίς
742 553 832 635 ἔφυν,
856 553 935 631 ξένε,
961 550 1009 626 τίς
1036 553 1062 618 δ’
1088 551 1262 631 ἐγεννήθην,

369 670 390 738 ὦ
416 676 598 756 παροδεῖτνι,
624 675 707 754 μάθε
731 676 811 748 στὰς
836 674 942 752 ὀλίγον
968 673 1024 753 πρὸ
1049 670 1172 753 τάφων.

181 853 211 918 b.
236 855 429 939 Utrumque
454 866 606 922 mortuus
630 866 664 921 et
687 865 795 940 rogat,
822 864 857 920 ut
880 856 944 919 sibi
968 862 1026 919 aut
1050 853 1288 937 superstitibus

137 976 221 1058 quid
245 977 432 1060 contingat,
456 984 491 1040 et
515 977 642 1061 aliquid
668 986 835 1061 precatur,
860 977 887 1040 si
912 997 997 1059 quos
1015 976 1049 1039 in
1070 975 1141 1038 vita
1153 973 1289 1056 reliquit

140 1097 288 1160 moriens
311 1107 370 1162 aut
393 1099 590 1162 viatoribus.

139 1216 221 1280 Bch.
244 1217 327 1297 4282
385 1238 473 1282 nunc
496 1219 557 1282 tibi
583 1239 625 1282 ne
644 1239 749 1303 grave
770 1219 824 1294 sit,
848 1217 928 1281 felix
949 1218 1154 1300 quicumque
1173 1214 1293 1289 viator,

386 1338 517 1402 dicere:
543 1339 570 1401 si
594 1341 731 1422 sapiunt
755 1338 883 1422 aliquid
909 1346 988 1421 post
1013 1337 1131 1401 funera
1155 1335 1285 1409 Manes,

429 1458 563 1523 Antoni
588 1467 622 1523 et
648 1459 780 1523 Proculi
806 1459 954 1524 molliter
978 1479 1055 1522 ossa
1079 1456 1217 1520 cubent.

141 1578 222 1640 Bch.
254 1594 313 1642 122
316 1597 334 1660 3
347 1605 354 1642 :
384 1579 444 1642 sed
466 1581 580 1662 potius
600 1588 699 1663 optes
713 1581 794 1644 mihi
808 1588 931 1663 quetos
943 1579 1014 1663 (sic)
1028 1578 1159 1661 optima
1172 1575 1293 1639 Manes

385 1719 525 1782 spargas
547 1700 660 1782 adque
685 1720 778 1763 mero
803 1699 971 1763 tumulum
995 1699 1077 1761 mihi
1102 1701 1136 1760 in
1160 1715 1256 1761 aevo.

144 1819 239 1881 Idem
263 1817 345 1881 Bch.
368 1833 445 1902 479,
475 1835 569 1902 1327,
599 1820 699 1901 1458;
720 1835 797 1903 971,
824 1835 917 1895 1012,
944 1835 1037 1902 1237.
1058 1817 1099 1881 cf.
1114 1816 1158 1880 A.
1172 1817 1207 1879 P.
1222 1815 1290 1879 VII

143 1939 217 2021 667,
243 1937 311 2002 Kb·
340 1955 410 2023 127,
440 1940 511 2019 184.
538 1958 612 2022 334,
638 1941 713 2022 346.
740 1941 802 2023 363
841 1954 914 2023 559·

143 2117 224 2180 Bch.
237 2133 320 2200 971:
367 2127 403 2182 at
423 2127 470 2195 tu,
492 2119 600 2183 dulcis
620 2140 725 2195 soror,
748 2120 920 2183 exstincto
933 2140 988 2182 me
1002 2119 1112 2182 solare
1125 2124 1295 2201 parentes.

143 2237 224 2301 Bch.
243 2239 342 2303 1080:
369 2241 498 2322 parcite
523 2240 610 2303 Fata
635 2242 728 2316 meis,
754 2240 891 2304 valeant
915 2240 1105 2322 fratresque
1130 2258 1273 2302 sorores.

434 2360 477 2422 sit
500 2368 616 2424 tamen
641 2361 674 2423 in
700 2370 813 2424 vestro
838 2368 979 2443 pectore
1003 2380 1083 2423 cura
1107 2359 1184 2422 mei.

143 2477 344 2542 Bch.1122:
369 2481 507 2543 nomine
532 2480 719 2557 Acilianus,
741 2502 809 2563 quo
832 2481 970 2544 nomine
994 2499 1083 2543 nunc
1103 2500 1198 2543 soror
1211 2486 1296 2561 opto

442 2600 536 2664 vivat
560 2609 594 2665 et
618 2621 638 2664 a
662 2601 739 2665 fatis
762 2602 806 2664 sit
829 2601 948 2684 procul
973 2621 1078 2683 usque
1103 2600 1196 2663 meis.

145 2719 226 2782 Bch.
239 2733 302 2802 995
329 2719 491 2803 (loquitur
515 2742 601 2785 uxor
626 2723 789 2805 mortua):

253 2840 414 2922 quodque
438 2840 520 2904 mihi
544 2843 668 2924 eripuit
692 2862 783 2905 mors
806 2843 986 2905 immatura
1010 2842 1179 2914 iuventae,

389 2961 423 3024 id
447 2962 510 3025 tibi
535 2961 667 3025 victuro
691 2969 853 3045 proroget
878 2961 1026 3024 ulterius.

145 3079 226 3143 Bch.
257 3081 357 3161 1256:

188 3222 252 3264 vos
274 3221 395 3284 precor
419 3202 494 3278 hoc,
520 3203 644 3285 superi,
666 3210 703 3266 ut
724 3204 829 3266 vitam
850 3211 930 3286 post
948 3224 1002 3266 me
1015 3203 1157 3267 servetis
1171 3203 1299 3277 amicis

188 3328 226 3384 ut
251 3321 382 3403 possint
407 3323 530 3385 nostris
554 3322 727 3386 Bacchum
751 3324 893 3386 miscere
917 3322 1040 3386 favillis

189 3441 328 3505 floribus
351 3449 386 3504 et
410 3451 572 3524 spargant
596 3444 730 3526 saepius
755 3443 936 3526 umbra(m)
961 3443 1084 3506 levem.

146 3561 227 3624 Bch.
246 3561 346 3644 1287:
371 3561 465 3643 Opto
489 3582 586 3625 meae
610 3570 703 3625 caste
729 3565 909 3646 contingat
933 3565 1048 3627 vivere
1073 3571 1175 3626 natae

367 3689 404 3743 ut
428 3689 545 3745 nostro
566 3681 726 3763 exemplo
750 3683 860 3745 discat
883 3704 997 3747 amare
1021 3684 1140 3747 virum.

147 3800 228 3864 Bch.
245 3802 325 3882 385:
372 3821 449 3864 care
474 3802 593 3865 marite
618 3802 700 3865 mihi
724 3811 759 3865 et
783 3803 977 3867 dulcissima
1000 3812 1081 3868 nata
1105 3804 1226 3878 valete,

369 3929 404 3984 et
428 3941 597 3984 memores
621 3923 744 3986 nostris
767 3943 903 4006 semper
923 3924 1003 3987 date
1024 3924 1111 3987 iusta
1124 3923 1296 4006 sepulcris.

148 4101 228 4164 Bch.
242 4101 303 4182 63:
372 4099 502 4162 valebis
525 4098 661 4183 hospes,
688 4109 772 4184 opto
798 4111 835 4166 ut
858 4103 924 4166 seis
949 4102 1087 4166 felicior.

149 4221 228 4284 Bch.
244 4221 303 4299 84:
373 4219 484 4283 valete
509 4221 552 4283 ad
577 4240 727 4303 superos.
753 4223 868 4287 vivitis
892 4225 998 4287 vitam
1023 4230 1214 4305 optumam.

150 4340 229 4403 Bch.
249 4357 326 4419 141:
374 4360 435 4403 vos
458 4342 571 4423 superi
596 4341 822 4420 benefacite,
848 4346 904 4409 diu
929 4344 1035 4408 vivite
1061 4352 1096 4406 et
1121 4346 1250 4408 venite.

149 4458 229 4522 Bch.
259 4475 359 4524 1100:
384 4461 428 4522 sis
454 4459 543 4534 felix,
570 4460 683 4526 valeas
707 4470 742 4525 et
766 4471 801 4526 te
825 4472 884 4528 tua
907 4472 1021 4527 servet
1045 4464 1142 4547 origo
1158 4461 1191 4547 ¹).

157 4577 370 4590 ...κη-υ..-

183 4626 209 4692 1)
228 4625 329 4675 Omitto
347 4627 462 4676 carmina
480 4627 619 4694 permulta,
636 4628 664 4677 in
681 4628 777 4693 quibus
793 4635 895 4679 tantum
904 4629 1014 4694 legitur:
1024 4628 1091 4695 vale,
1101 4628 1196 4695 valete,
1205 4629 1300 4680 valeas.

153 4711 186 4760 cf.
204 4711 378 4762 Cholodniak.
400 4722 498 4778 1075a:
517 4728 576 4779 ego,
595 4715 756 4782 Antoninus,
775 4716 868 4766 umbra
885 4716 980 4783 tenuis,
989 4715 1055 4764 have
1065 4714 1113 4764 tibi
1123 4714 1183 4764 dico
1192 4722 1298 4766 mentor.

158 4797 209 4847 Kb.
230 4810 273 4864 22,
291 4808 335 4864 23,
354 4807 402 4863 25:
421 4796 527 4859 χαῖρεν-ι
544 4797 570 4845 01‘
583 4799 722 4859 παριόντες.
