3134 5476
157 109 290 192 Regina
315 105 517 189 Proserpina
540 125 566 169 s
591 105 808 188 Persephone
834 111 1042 168 memoratur
1065 103 1099 166 in
1123 100 1195 165 his:

111 228 193 294 Bch.
218 245 302 309 422:
349 227 513 291 Nondum
538 224 771 310 Persephones
795 225 975 310 sperabam
999 224 1108 289 visere
1131 241 1247 306 regna.

110 348 193 413 Bch.
220 348 301 432 346:
346 347 498 430 Legibus
522 346 642 410 inferni
667 347 769 411 motis
795 346 996 429 Proserpina
1020 343 1117 408 reddi

346 468 542 550 Eurydicen
567 468 673 530 iussit.

154 589 250 653 Anni
273 588 413 652 secundi
433 588 524 652 vitae
544 586 717 651 liminibus
736 587 885 670 aliquem
898 586 962 650 sibi
975 585 1127 669 rapuisse
1140 584 1266 648 dicitur

112 709 193 774 Bch.
223 710 315 785 1161,
340 710 406 772 dea
430 707 557 792 pallida
581 709 671 772 votis
695 708 826 772 invidet
846 707 1023 771 hominum
1043 704 1139 790 (Bch.
1156 704 1264 788 1301),

110 830 235 913 quibus
258 831 318 894 dat
342 830 445 893 finem
469 849 636 893 annorum
660 828 755 913 (Bch.
784 828 870 912 527).

157 950 290 1015 Eadem
312 949 383 1013 iere
406 950 440 1013 in
464 950 570 1014 titulis
594 948 732 1013 Graecis
755 949 984 1013 inveniuntur.

159 1070 252 1134 Loca
286 1069 394 1134 infera
427 1080 522 1135 sunt:
558 1069 647 1148 δῶμα
680 1067 789 1133 Ἀιδεοι
826 1068 882 1152 (Α.
903 1068 939 1132 Ρ.
971 1067 1040 1133 VII
1072 1079 1149 1148 251,
1175 1065 1265 1149 268),

113 1191 238 1270 λιμένες
262 1190 372 1256 Ἀίδεω
398 1192 492 1276 (ibid.
519 1193 594 1275 264)
610 1191 643 1276 ¹),
666 1190 773 1263 ’Ἃιδος
794 1190 910 1270 οκιερός
925 1187 1015 1269 δόμος
1029 1189 1123 1274 (ibid.
1135 1189 1217 1273 466)
1229 1187 1267 1272 ²),

112 1311 310 1395 Περσεφόνης
335 1312 425 1391 δῶμα
449 1314 529 1398 (Kb.
557 1315 611 1398 62)
644 1313 697 1378 vel
730 1312 828 1377 ἐοόλόι
853 1310 987 1390 δόματα
1009 1312 1089 1396 (Kb.
1115 1312 1190 1396 189)
1211 1301 1267 1375 vel

112 1433 250 1513 όιόιιαμοι
274 1436 354 1519 (Kb.
380 1436 455 1519 231)
480 1436 535 1499 vel
559 1433 706 1507 ιέδόανλος
730 1434 881 1516 στυγερὸς
909 1432 999 1511 δόμος
1027 1433 1105 1518 (Kb.
1132 1433 1221 1517 244).

154 1553 264 1631 Ἀιδης
289 1555 444 1619 homines
464 1552 597 1637 ιὶριιιὶζει
616 1556 672 1640 (Α.
686 1557 722 1620 Ρ.
736 1556 804 1621 VII
821 1558 893 1639 308,
911 1556 983 1639 364,
996 1555 1074 1640 476,
1085 1554 1163 1634 481,
1178 1552 1268 1637 599),

114 1675 293 1759 δαμάζεται
307 1676 401 1760 (ibid.
417 1676 503 1761 396),
527 1673 692 1756 λαγχάνει
717 1677 811 1761 (ibid.
835 1677 930 1759 462);
955 1674 1031 1753 ανὴρ
1054 1680 1158 1739 κεῖται
1180 1669 1267 1752 αὐτῷ

112 1792 190 1878 ἕλωρ
216 1797 311 1882 (ibid.
333 1796 424 1880 439).
449 1796 490 1860 cs.
516 1797 583 1860 Kb.
610 1799 661 1881 89,
691 1810 763 1879 151.

161 1919 223 1982 Est
254 1918 337 1982 deus
369 1915 525 1996 δακρυόεις
554 1918 648 2002 (ibid.
675 1919 758 2001 186),
791 1916 935 1994 πένθιμος
969 1916 1069 2001 (188),
1100 1913 1267 1989 δνοπειόιὶς

116 2037 216 2122 (190),
258 2036 435 2113 δυσκίνητος
472 2039 571 2122 (221),
612 2036 717 2118 πικρός
754 2038 853 2123 (303),
890 2038 1012 2112 νηλειής
1052 2037 1139 2122 (308,
1178 2035 1267 2120 556),

116 2157 343 2230 οἶλλιτοόνενοος
368 2157 421 2222 καὶ
454 2154 587 2237 ἄτροιιος
612 2160 712 2244 (483),
738 2157 845 2222 πιόντα
877 2159 964 2222 νικῶν
992 2158 1090 2243 (692),
1115 2151 1270 2237 οτυγερός

114 2279 214 2365 (699),
237 2277 400 2357 βάσκανος
425 2281 446 2343 i.
460 2300 489 2343 e.
515 2279 649 2344 invidus
673 2280 774 2364 (712).
799 2280 842 2344 cf.
867 2280 935 2344 Kb.
965 2280 1036 2357 162,
1063 2296 1138 2360 241.

158 2400 210 2463 De
247 2400 465 2484 Persephone
494 2399 536 2464 cf.
570 2400 614 2463 A.
629 2400 663 2464 P.
689 2400 758 2465 VII
788 2402 859 2478 128,
889 2417 961 2483 133,
991 2401 1062 2482 185,
1091 2399 1164 2483 189,
1191 2399 1268 2483 387,

111 2521 188 2604 489,
216 2519 308 2604 5071,
336 2534 409 2602 551,
436 2520 512 2604 657·

158 2639 251 2703 Loca
286 2638 447 2723 parallela
480 2639 571 2723 apud
604 2648 725 2723 poetas
749 2648 784 2704 et
807 2641 990 2725 scriptores
1015 2661 1093 2705 cum
1118 2640 1272 2724 Graecos

112 2768 185 2823 tum
210 2760 386 2824 Romanos
409 2760 592 2842 unicuique
616 2769 695 2824 sunt
719 2760 831 2838 obvia,
855 2771 893 2825 ut
917 2762 1200 2846 praetermittam.

163 3001 225 3066 IV.
250 3002 303 3064 De
317 3001 525 3087 staminibus,
552 3023 639 3085 quae
663 3003 754 3087 apud
780 3003 904 3067 inferos
924 3001 1029 3066 fluere
1047 3002 1271 3086 putabantur,

116 3122 287 3205 agendum
322 3130 385 3198 est,
418 3123 510 3205 quod
542 3131 577 3187 et
608 3145 725 3187 eorum
752 3122 929 3209 fluminum
954 3123 1149 3189 nominibus
1170 3124 1274 3188 sedes

114 3242 297 3306 inferorum
322 3242 463 3306 indicari
488 3243 654 3309 solebant.
680 3242 812 3327 Quibus
836 3245 870 3308 in
891 3243 1086 3308 fluminibus
1105 3252 1141 3308 et
1159 3244 1273 3310 nomi·

112 3363 233 3428 nandis
256 3370 292 3427 et
315 3362 536 3446 disponendis
560 3384 663 3446 quam
688 3365 771 3428 mire
792 3372 925 3428 veteres
937 3364 1120 3442 varientur,
1132 3364 1272 3431 videtur

115 3494 234 3550 notum
266 3505 349 3549 esse.
387 3485 460 3549 Nec
496 3487 560 3549 erit
592 3495 746 3550 nostrum
778 3487 913 3551 diversa
943 3485 1000 3550 1110
1031 3485 1273 3569 contrariaque

117 3627 290 3690 exponere
313 3614 349 3670 et
361 3605 558 3670 diiudicare.
572 3604 750 3671 Sufficiant
762 3607 865 3691 igitur
877 3607 962 3671 haec
975 3626 1101 3690 pauca:
1115 3605 1273 3671 Homero

152 3816 178 3885 1)
195 3818 284 3868 Minus
304 3833 384 3883 saepe
402 3812 524 3864 Πλοότιιν
542 3818 639 3883 legitur
656 3835 735 3885 quam
752 3811 1273 3884 ’11111001Α.Ρ.11113ιςιόιιναιοιμ

123 3899 280 3960 Πλούτωνος,
298 3900 410 3965 Κέρβερε.
426 3904 491 3954 ibid.
511 3914 563 3969 524
581 3905 610 3955 111
625 3905 740 3972 dialogo,
751 3907 803 3956 Kb.
814 3904 858 3968 48.
868 3906 952 3956 Etiam
972 3900 1117 3960 Πλοντιόιι
1135 3906 1168 3956 Α.
1178 3906 1207 3957 Ρ.
1217 3905 1273 3957 VII

124 4000 187 4052 130:
206 3987 328 4037 Πλουτέα
344 3986 413 4037 δὀόιι
429 3986 530 4053 Ἰφνγες.
549 3992 582 4042 cs.
602 3992 666 4043 ibid.
688 3992 749 4060 587,
767 3993 807 4043 IX
829 4004 893 4062 1373
905 3995 957 4044 Kb.
970 3991 1272 4062 12831dyll.1(Mosch.

120 4074 173 4143 111)
192 4075 319 4141 Epitaph.
338 4077 414 4126 Bion.
435 4090 478 4144 22,
501 4088 561 4145 125,
583 4091 642 4143 133.

151 4161 179 4229 2)
198 4162 297 4226 Hades‚
315 4170 344 4212 ut
362 4171 454 4214 notum
473 4172 521 4232 est,
541 4181 595 4215 non
614 4167 699 4217 solum
717 4167 858 4217 inferorum
876 4168 954 4218 deum
972 4166 1111 4234 significat,
1128 4165 1273 4219 sedetiam

120 4250 176 4300 eius
203 4267 320 4318 regnum,
349 4250 436 4301 locum
465 4253 511 4303 ubi
539 4260 601 4304 sunt
626 4254 731 4322 mortui,
759 4254 788 4304 in
816 4255 871 4306 his:
891 4251 928 4311 εἷς
950 4250 1042 4309 Ἀίδην,
1061 4247 1085 4302 ἰν
1104 4248 1272 4319 ’Alin'quae

120 4338 261 4389 sescenties
282 4338 311 4388 in
330 4337 415 4388 titulis
434 4337 565 4406 leguntur.
585 4339 631 4407 (ci.
651 4342 731 4392 Hom.
750 4341 827 4392 Iliad.
846 4341 937 4410 816).
