3134 5476
700 411 743 476 93

143 577 260 660 piendi
296 575 398 658 vulgo
433 583 485 639 est
519 576 623 639 ratio:
660 583 806 639 mortem
837 574 864 637 si
898 594 966 637 non
1001 573 1153 638 omnium
1185 594 1296 638 rerum

141 697 256 774 finem,
280 705 316 761 at
338 697 459 761 saltem
484 697 574 760 vitae
593 696 827 779 voluptatibus
848 715 887 758 ac
908 695 1098 759 commodis
1119 696 1295 779 imponere

142 819 302 894 modum;
327 818 398 881 vita
420 817 523 900 igitur
546 816 727 880 fruendum
750 816 920 898 genioque
945 835 1018 879 esse
1039 816 1300 899 indulgendum,

141 939 257 1021 quoad
282 937 397 1002 vivere
420 936 532 1002 liceat.

185 1058 350 1124 Mortales
372 1080 487 1123 sumus
509 1057 754 1140 hominibusque
777 1055 985 1121 moriendum
1009 1069 1067 1121 est.

143 1179 225 1243 Bch.
243 1197 321 1263 191:
367 1200 483 1243 sumus
507 1179 677 1255 mortales,
702 1178 912 1242 immortales
938 1199 1007 1242 non
1030 1198 1156 1241 sumus.

145 1299 227 1364 Bch.
246 1314 346 1382 1544:
370 1301 434 1376 Tu,
445 1303 502 1384 qui
515 1301 685 1376 adstitisti,
700 1301 766 1363 mei
781 1301 1004 1376 monumenti,
1018 1300 1152 1382 hospes,
1167 1319 1297 1362 memor

368 1421 505 1485 ambula
517 1429 552 1486 et
565 1430 600 1485 te
613 1442 685 1484 esse
697 1420 873 1484 hominem
883 1420 935 1484 iac
943 1429 1112 1503 perpetuo
1121 1419 1251 1503 cogites
1263 1416 1296 1502 ¹).

145 1540 363 1607 Simillimum

144 1661 227 1725 Bch.
244 1663 325 1746 389:

166 1789 201 1845 et
226 1790 265 1845 tu
289 1782 467 1846 mortalem
492 1791 526 1845 te
550 1785 597 1847 sic
622 1791 739 1847 natum
764 1803 837 1845 esse
863 1791 1046 1846 memento
1072 1781 1114 1845 cf.
1140 1803 1187 1846 vs,
1211 1779 1274 1865 5²).

144 1903 186 1965 cs.
212 1903 294 1966 Bch.
322 1917 395 1984 500,
422 1903 504 1986 857;
530 1904 563 1966 in
588 1923 691 1966 carm.
717 1902 897 1966 Christian.
924 1903 1007 1986 756:

346 2042 446 2098 mors,
471 2023 683 2086 consuetudo
709 2023 847 2105 propria
871 2023 970 2085 natis.

144 2265 226 2329 Bch.
245 2281 346 2344 1004:
370 2265 474 2329 vivite
499 2264 623 2340 felices,
649 2285 790 2340 moneo;
816 2284 906 2327 mors
931 2263 1089 2327 omnibus
1115 2264 1227 2327 instat.

413 2385 625 2468 exsemplum
652 2406 672 2448 a
696 2386 795 2449 nobis
818 2385 938 2449 discite
963 2385 1020 2467 qui
1045 2384 1167 2466 legitis.

144 2503 361 2569 Simillimum
386 2504 454 2568 iere
477 2507 554 2587 485,
580 2506 655 2581 802,
680 2505 755 2587 803,
779 2505 856 2584 486.

142 2624 261 2690 Simile
285 2646 422 2690 carmen
447 2624 528 2688 Bch.
558 2627 659 2689 1081:

401 2745 519 2809 Vivite
542 2744 666 2820 felices,
690 2745 813 2826 quibus
837 2753 888 2808 est
913 2745 994 2809 data
1016 2744 1150 2827 longior
1172 2753 1275 2821 aetas,

403 2886 481 2928 nam
505 2864 612 2927 satum
638 2865 737 2928 nobis
760 2864 919 2927 omnibus
943 2865 1046 2927 instat
1069 2864 1172 2927 idem.

140 2984 182 3048 cs.
197 2985 375 3069 Bch.859:
400 2986 517 3049 Viuite
542 2984 657 3048 felices
681 2986 873 3067 nostrisque
898 2984 1093 3067 profundite
1119 2984 1230 3047 Manis

396 3112 431 3168 et
454 3125 623 3168 memores
641 3112 680 3167 ut
698 3105 771 3167 sitis
792 3104 970 3167 nobiscum
991 3124 1052 3166 vos
1065 3123 1138 3166 esse
1151 3103 1291 3166 futuros.

141 3224 162 3286 i.
176 3245 205 3287 e.
231 3223 427 3306 profundite
450 3224 606 3288 lacrimas
630 3223 753 3287 nostris
779 3224 951 3288 Manibus

189 3343 438 3428 Comparentur
462 3343 614 3408 Graeca:

144 3463 189 3526 A.
204 3464 239 3527 P.
252 3464 321 3528 VII
333 3480 417 3547 452:
442 3463 543 3534 κοινὸςι
565 3465 644 3526 πᾶσι
668 3462 765 3540 λιμὴν
789 3460 905 3537 Ἀίδης.
999 3462 1041 3526 cf.
1069 3479 1142 3546 342.

144 3584 212 3648 Kb.
226 3585 308 3648 282:
443 3589 553 3663 μοιρῶν
578 3581 641 3661 γὰρ
664 3581 754 3659 uiroc
780 3583 898 3668 (filum)
920 3580 1045 3654 πάντας
1070 3589 1176 3646 καλεῖ.

144 3705 211 3768 Kb.
228 3706 307 3790 367:
444 3695 753 3789 (urolruvpixuptr
765 3701 1248 3785 μακάρωνποίντεςδφειλδμεθαι
1259 3701 1293 3788 ³).

145 3825 185 3889 cs.
212 3839 264 3907 35,
291 3826 365 3906 256,
395 3842 468 3909 371·

144 4022 206 4071 Bch.
227 4021 278 4088 856
297 4021 358 4089 (sub
378 4023 454 4089 siguo
474 4023 593 4072 cubantis
612 4023 789 4089 poculumque
808 4039 886 4073 manu
906 4023 1048 4090 tenentis):

441 4125 490 4173 ego
509 4126 565 4159 sum
585 4109 750 4160 discumbens
768 4116 797 4160 ut
814 4126 855 4160 me
873 4111 976 4160 videtis.

369 4196 406 4246 sic
426 4203 451 4246 et
470 4203 533 4262 aput
553 4213 661 4262 superos
679 4199 756 4247 annis
775 4198 871 4263 quibus
891 4198 944 4247 lata
964 4197 1060 4247 dedere

371 4283 512 4333 animulam
532 4285 610 4351 colui,
629 4300 678 4334 uec
697 4285 780 4335 deluit
798 4301 895 4350 umqua
913 4285 1023 4349 Lyaeus.

147 4370 210 4420 Bch.
232 4369 313 4434 1318:
367 4371 422 4420 vixi
441 4371 571 4438 Lucrinis,
590 4371 681 4436 potabi
700 4387 778 4437 saepe
799 4371 947 4437 Falernum,

371 4457 461 4507 baluia
480 4459 542 4507 vina
561 4459 651 4507 Venus
670 4473 771 4508 mecum
790 4473 898 4508 senuere
918 4474 965 4523 per
984 4473 1075 4507 annos.

146 4543 178 4593 cl.
198 4543 261 4593 Bch.
283 4557 342 4609 190,
365 4556 432 4608 1499
454 4551 479 4593 et
499 4545 523 4592 A
543 4545 571 4593 P.
591 4545 643 4594 VII
663 4556 724 4611 329,
742 4554 805 4608 452.

177 4628 204 4695 ι)
222 4630 255 4679 cl.
275 4630 339 4679 Bch.
359 4643 425 4693 241:
463 4630 584 4695 Cogitato
600 4638 626 4680 te
634 4631 782 4681 hominesse
793 4639 820 4681 et
829 4631 910 4682 scito:
920 4631 1091 4681 moriendust.
1103 4631 1169 4680 vole.
1189 4629 1245 4696 (71.
1259 4629 1301 4697 5.)

174 4718 203 4785 2)
221 4718 254 4767 cl.
274 4718 338 4767 Bch.
358 4716 425 4767 808:
463 4718 516 4780 Qui
534 4717 601 4783 legis
619 4718 689 4768 hunc
709 4719 822 4785 titulum,
842 4718 978 4768 mortalem
1000 4725 1025 4767 te
1045 4733 1101 4767 esse
1119 4723 1259 4767 memento.

175 4805 203 4871 3)
221 4805 254 4854 cf.
274 4805 364 4855 Senec.
385 4805 417 4854 ad
437 4806 516 4854 Marc.
537 4804 569 4855 de
588 4806 688 4855 consol.
712 4819 795 4856 11.2:
813 4807 933 4856 Mortalis
950 4813 1011 4855 nata
1027 4821 1064 4871 es,
1077 4804 1199 4853 mortales
1215 4819 1295 4869 pepe·
