3134 5476
682 356 741 425 105

136 516 219 581 Bch.
250 519 353 601 1256:

181 658 244 702 vos
267 659 388 721 precor
412 639 487 717 hoc,
513 644 636 725 superi,
656 651 694 707 ut
713 645 819 708 vitam
838 652 917 727 post
937 665 992 708 me
1003 644 1145 707 servetis
1157 644 1285 721 amicis,

273 768 310 823 ut
333 762 465 843 possint
489 763 612 826 nostris
635 764 807 828 Bacchum
832 765 972 829 miscere
997 763 1128 829 favillis.

138 879 222 944 Bch.
240 896 300 944 122
304 899 321 964 3
334 907 341 945 :
365 883 425 946 sed
439 883 552 965 potius
565 891 665 966 optes
677 884 758 949 mihi
772 894 894 968 quetos
906 886 968 970 (sic
977 887 998 970 l)
1010 887 1142 970 optima
1154 886 1284 964 Manes,

363 1021 502 1085 spargas
525 1003 637 1086 adque
662 1025 756 1069 mero
779 1005 946 1071 tumulum
971 1007 1053 1070 mihi
1077 1007 1111 1070 in
1134 1027 1231 1071 aevo.

140 1119 223 1184 Bch.
259 1123 341 1204 838:
365 1131 417 1187 set
440 1123 468 1187 si
491 1131 607 1206 gratus
631 1124 735 1189 homo
760 1147 805 1203 es,
831 1128 934 1191 misce
958 1126 1038 1190 bibe
1062 1127 1107 1190 da
1131 1127 1187 1189 mi.

209 1240 252 1304 cs.
278 1241 360 1306 Bch.
385 1259 438 1327 29,
465 1257 538 1326 500,
567 1246 640 1326 562,
670 1262 764 1327 1244.

185 1360 411 1426 Conferantur
434 1363 519 1428 haec
544 1364 692 1430 Graeca:

144 1481 214 1546 Kb.
241 1498 328 1566 297a
351 1483 385 1546 in
410 1484 508 1547 add:

231 1599 323 1667 ἄλλοι
348 1603 406 1682 μὲν
430 1602 627 1685 στεφάνοισι.
652 1612 761 1685 χοοιῖς,
788 1603 927 1687 δακρύοις
952 1629 987 1670 τε
1012 1604 1065 1670 nul
1091 1604 1184 1688 ᾧδιιῖς

319 1731 466 1802 τειμιῖοιν
489 1726 542 1791 τὸν
565 1727 628 1799 οὖν,
653 1734 884 1807 Μιιρκελλεῖιε,
912 1724 1027 1806 τάφον.

143 1845 225 1910 ibid.
239 1847 305 1930 619
324 1848 379 1931 (=
392 1848 419 1912 Ι.
432 1844 472 1912 G.
487 1849 527 1912 R.
544 1849 623 1913 fasc.
637 1851 652 1913 I
667 1864 729 1932 253
744 1879 786 1906 =
801 1850 904 1913 Inscr.
918 1849 975 1914 Gr.
989 1848 1055 1914 Sic.
1069 1858 1105 1914 et
1117 1851 1158 1914 It.
1176 1854 1290 1933 1595):

300 1964 353 2029 xrrl
379 1975 530 2048 προχοαῖς
554 1967 656 2048 χαίρω
680 1976 751 2041 τιιῖς
776 1967 834 2034 ἀπ’
863 1969 943 2047 ἐμῶν
967 1965 1094 2049 trtius.

144 2087 227 2151 ibid.
245 2105 324 2153 120:
348 2088 373 2151 ri
401 2087 432 2154 δὲ
458 2088 556 2160 θέλεις
583 2088 706 2169 θέλγειν
730 2091 839 2171 ψυχὴν
864 2088 1054 2176 (τεθνηκότος
1078 2085 1197 2174 ἀνδρός)

346 2207 450 2285 θέλξον
474 2209 645 2283 ἕπισιιῖοιις
672 2214 762 2298 (sic!)
788 2207 868 2277 ὅσσοι
894 2210 1032 2294 βροτοῖσι
1060 2211 1158 2288 θέμις.

212 2329 254 2393 cr.
284 2344 343 2413 153
369 2341 403 2396 et
426 2331 470 2395 A.
483 2333 519 2396 n.
545 2333 613 2397 vu
639 2331 755 2418 260¹).

192 2571 307 2636 Etiam
330 2572 431 2658 dapes
455 2583 627 2657 ponuntur
641 2572 675 2660 ²).

147 2691 228 2756 Bch.
245 2706 325 2776 534:
350 2693 456 2758 sessus
479 2697 513 2759 in
537 2697 700 2761 extremis
724 2697 809 2760 haec
833 2695 960 2761 blanda
984 2716 1068 2761 voce
1093 2696 1237 2779 rogavit,

359 2823 396 2878 ut
420 2816 564 2899 dapibus
588 2817 707 2900 positis
732 2818 931 2900 Pompeium
955 2837 1058 2900 saepe
1082 2815 1242 2881 colamus.

150 2932 191 2996 cs.
216 2933 334 3019 fragm.
359 2935 440 3000 Bch.
470 2953 555 3001 1010
577 2945 613 3001 et
637 2937 719 3000 Bch.
749 2951 849 3020 1215:

359 3055 549 3140 ditalesque
573 3057 705 3122 dabunt
719 3057 845 3152 epulas
869 3058 997 3122 meritis
1020 3078 1082 3141 pro
1106 3055 1231 3121 talibus
1250 3054 1298 3119 illi

359 3184 395 3240 et
419 3185 536 3240 natum
562 3179 650 3262 patri
675 3179 800 3242 matris
815 3179 943 3263 pietate
968 3178 1174 3263 probabunt.

151 3294 192 3358 cs.
206 3293 327 3359 Catull.
346 3309 397 3380 59.
413 3312 449 3360 2:
476 3317 561 3361 uxor
585 3297 733 3374 Meneni,
757 3318 859 3381 saepe
884 3319 986 3381 quarn
1011 3299 1045 3361 in
1069 3297 1268 3381 sepulcretis

471 3420 604 3484 vidistis
628 3421 702 3503 ipso
727 3440 844 3503 rapere
868 3421 912 3484 de
935 3440 1018 3504 rogo
1043 3439 1174 3484 cenam.

151 3535 252 3602 Ovid.
277 3537 370 3601 Fast.
398 3555 427 3602 2.
444 3539 522 3621 566:

194 3679 284 3722 nunc
307 3660 420 3742 posito
444 3659 593 3743 pascitur
616 3661 737 3725 umbra
760 3661 848 3724 cibo.
873 3661 978 3745 Verg.
1003 3660 1091 3725 Aen.
1119 3679 1148 3743 3.
1163 3676 1223 3743 301
1241 3656 1277 3744 ³).

185 3905 211 3975 1)
230 3906 264 3958 cf.
282 3909 362 3974 Verg.
381 3909 447 3959 Aen.
466 3921 490 3973 3.
501 3908 545 3976 66,
555 3909 683 3959 Herodot.
696 3920 719 3974 7.
730 3920 773 3973 43.
785 3909 860 3960 Sitire
870 3915 986 3959 mortuos
995 3907 1118 3972 sitimque
1127 3906 1299 3979 libationibus

155 3994 252 4060 depelli
270 3995 350 4060 vulgo
368 3995 529 4046 credebatur.
549 3996 581 4047 cf.
602 3997 737 4046 Dieterich
755 3998 798 4046 l.l.
818 4014 845 4063 p.
866 4010 909 4063 99,
929 4002 1062 4063 praeterea
1077 4011 1104 4061 p.
1115 4004 1148 4059 95
1165 4010 1187 4044 c.
1198 3994 1300 4045 adnott.

154 4089 180 4132 et
195 4083 292 4150 Maass,
310 4082 433 4149 Orpheus
451 4100 477 4149 p.
500 4094 558 4149 195.
577 4084 697 4150 Euripid.
725 4084 783 4134 Alc.
794 4083 856 4150 844,
876 4083 936 4148 845.
956 4083 1054 4133 Contra
1072 4082 1179 4132 Lucian.
1197 4082 1229 4132 de
1245 4082 1307 4133 luct.

158 4182 203 4233 19:
231 4166 262 4215 τί
284 4164 341 4229 ὑμῖν
368 4165 473 4216 δύναται
500 4167 544 4217 τὸν
568 4166 677 4230 ἄκρατοι
693 4163 808 4230 ἓπιχιῖιις
825 4166 840 4226 ll
858 4166 977 4233 νομίζετε
995 4164 1168 4234 καταστάξειν
1185 4163 1262 4215 ιιιίτδν
1282 4163 1308 4224 ἐς

156 4253 282 4317 ἡμῶνκαὶ
300 4255 379 4318 μεχρῖ
396 4257 442 4304 τοῦ
459 4252 549 4305 “Ailou
566 4253 699 4320 διῖξεοθιιι;

184 4339 213 4407 2)
230 4340 263 4391 ef.
283 4341 436 4407 Marquardt
453 4340 638 4392 Privatleben²
656 4357 682 4407 p.
702 4339 754 4405 369
774 4347 800 4390 et
816 4339 934 4401 adnot.4
950 4337 996 4406 (de
1011 4337 1186 4404 cepotnphiis.
1206 4338 1306 4388 Dessau

157 4425 235 4494 8080,
256 4426 335 4495 8233,
354 4427 445 4496 8386),
464 4435 490 4479 et
510 4444 578 4494 quae
594 4428 783 4478 Anthesterion
792 4427 836 4477 die
847 4426 923 4477 tertio
934 4425 1041 4492 fiebant,
1051 4423 1197 4490 quinlrpor
1208 4440 1306 4474 nomen

157 4514 272 4564 habebat
291 4521 318 4565 et
336 4516 466 4566 Mercurio
485 4513 575 4575 Χῖοιῖῳ
595 4522 650 4565 erat
667 4531 748 4581 sacer,
767 4530 826 4565 cum
845 4513 913 4563 ollae
928 4512 1010 4562 coctis
1025 4511 1201 4577 leguminibus
1212 4510 1307 4575 plenae

157 4608 316 4652 mortuorum
334 4603 432 4653 umbris
451 4603 634 4653 offerebantur.
654 4601 790 4668 Aristoph.
811 4601 924 4651 Acharn.
947 4598 1024 4663 1076.

188 4688 216 4755 3)
236 4690 315 4756 Cave,
334 4706 367 4739 ne
386 4690 451 4740 tales
469 4690 549 4755 dapes
568 4690 595 4738 in
615 4690 741 4739 honorem
760 4697 839 4754 atque
855 4704 931 4738 usum
945 4686 1041 4737 mortui
1057 4685 1156 4735 tumulo
1166 4684 1304 4750 impositus

137 4769 301 4840 [confundas
328 4791 387 4826 cum
412 4777 497 4842 epulis
521 4776 563 4844 iis,
589 4793 656 4841 quae
674 4776 733 4843 ipso
752 4775 899 4842 sepeliendi
918 4775 961 4825 die
980 4775 1138 4840 parabantur
1156 4770 1226 4839 (Lat.
1246 4771 1299 4822 sili·
