3136 5454
205 548 247 618 cf.
273 556 403 620 Dessau
430 556 534 623 8021:

227 674 357 740 Somno
377 680 538 743 aeternali
560 682 796 746 condederunt
817 700 934 744 manes
951 687 1173 763 patronorum
1186 697 1332 742 suorum.

206 796 289 860 Plin.
314 800 413 881 epist.
437 813 469 883 7.
485 816 535 884 27.
555 819 610 864 11:

339 919 470 983 Domus
495 929 615 1004 postea
640 921 703 986 rite
726 921 875 986 conditis
900 920 1056 984 manibus
1081 920 1198 985 caruit.

205 1037 358 1120 Propert.
386 1056 415 1121 3.
431 1055 459 1122 5.
477 1041 533 1104 16:

249 1158 409 1243 Accipiat
434 1181 551 1225 manes
571 1163 712 1246 parvula
732 1171 821 1227 testa
834 1184 939 1227 meos.
953 1163 1173 1246 (quamquam
1186 1163 1229 1225 de
1243 1162 1355 1225 cinere

207 1277 317 1341 minus
341 1290 499 1345 accurate
524 1283 655 1347 dictum
679 1284 754 1366 est).

251 1396 341 1479 Quin
361 1401 465 1463 etiam
486 1401 596 1484 ipsum
609 1403 795 1486 sepulcrum
808 1403 842 1465 in
856 1403 921 1466 hoc
934 1402 1034 1467 titulo
1047 1404 1183 1468 videtur
1195 1402 1355 1466 indicari:

206 1518 287 1582 Bch.
312 1520 395 1599 641:
443 1521 542 1605 Rupe
565 1542 650 1587 cava
675 1544 791 1587 manes
814 1523 877 1586 feci
904 1544 993 1587 nunc
1017 1524 1152 1606 coniugi
1177 1522 1303 1587 Paulle.

251 1803 267 1865 s
292 1794 321 1856 8.
346 1793 484 1871 Anima,
510 1798 653 1860 animus.

252 1913 430 1978 Vocabula
454 1936 542 1998 quae
562 1926 640 1981 sunt
662 1918 774 1982 anima
795 1925 829 1980 et
842 1918 975 1981 animus
987 1918 1035 1981 ita
1047 1917 1136 1981 inter
1147 1937 1183 1980 se
1197 1917 1359 1981 distincta

206 2042 295 2110 sunt,
320 2043 357 2099 ut
379 2036 422 2099 sit
445 2037 577 2100 animus
600 2039 634 2100 in
659 2037 796 2101 homine
820 2038 1024 2121 principium
1048 2039 1217 2102 sentiendi
1241 2047 1277 2102 et
1301 2059 1358 2102 cu·

206 2155 334 2237 piendi,
358 2156 483 2220 animal
507 2158 656 2222 efficiens
680 2159 855 2235 rationale,
879 2160 992 2222 anima
1011 2168 1131 2223 contra
1150 2159 1357 2242 principium

207 2275 344 2338 vivendi
381 2285 415 2338 et
447 2277 497 2341 vis
521 2298 560 2341 ac
584 2287 704 2342 natura
727 2279 882 2342 animalis
897 2275 930 2362 ¹).
956 2277 1052 2361 Quae
1076 2300 1157 2343 vero
1182 2279 1358 2343 distinctio

208 2417 276 2459 non
311 2396 503 2472 adhibetur,
539 2398 698 2480 quotiens
730 2419 807 2483 pars
831 2398 977 2462 hominis
1001 2399 1169 2463 indicatur
1192 2419 1242 2474 ea,
1269 2418 1358 2481 quae

208 2524 286 2599 post
312 2524 458 2581 mortem
483 2538 551 2581 non
574 2520 759 2584 evanescit.

252 2636 465 2700 Monendum
508 2644 624 2702 tamen
667 2647 719 2703 est
753 2638 902 2703 animam
938 2638 1135 2722 primarium
1170 2636 1359 2700 obtinuisse

208 2755 331 2832 locum,
356 2765 391 2821 et
414 2758 553 2840 quidem
578 2760 625 2823 ita
649 2768 687 2823 ut
711 2769 789 2844 post
812 2766 958 2823 mortem
982 2758 1121 2822 aethera
1145 2765 1262 2840 petere
1278 2755 1358 2819 'exi-

208 2874 450 2960 stimaretur²)‚
474 2879 565 2942 unde
589 2879 754 2962 originem
779 2879 919 2943 duceret
933 2875 966 2962 ³).
992 2876 1124 2940 Aether
1143 2883 1259 2940 autem
1281 2895 1359 2938 cum

208 2996 303 3060 caelo
316 2994 352 3081 ⁴),
388 2997 470 3080 quin
505 2999 609 3061 etiam
645 3020 722 3062 cum
758 2997 911 3082 Olympo
945 2996 1228 3072 confundebatur,
1265 2996 1359 3077 quod

209 3118 305 3182 multi
341 3117 513 3200 religionis
544 3126 579 3181 et
602 3117 884 3202 philosophorum
908 3117 1138 3181 doctrinarum
1162 3114 1362 3178 confusione

210 3238 303 3302 ducti
338 3237 487 3300 animam
518 3238 687 3321 putabant
720 3238 838 3301 sedem
862 3238 1004 3300 deorum
1029 3244 1156 3319 petere.
1182 3234 1361 3298 Postremo

209 3379 262 3422 res
285 3378 327 3421 eo
351 3358 500 3421 deducta
520 3366 581 3436 est,
603 3366 640 3422 ut
660 3359 809 3422 animam
829 3359 874 3422 ad
895 3356 1019 3420 inferos
1033 3356 1177 3438 migrare
1190 3361 1361 3438 putarent,

209 3479 244 3542 id
280 3478 372 3561 quod
407 3498 426 3541 e
459 3479 569 3560 poetis
600 3488 754 3562 apparet,
786 3478 844 3561 qui
869 3476 1011 3541 vocibus
1034 3496 1122 3559 quae
1145 3481 1224 3538 sunt
1246 3475 1362 3538 anima

210 3597 330 3661 umbra
354 3617 479 3673 manes,
505 3598 597 3662 nullo
621 3599 709 3662 inter
732 3619 768 3661 se
793 3597 987 3661 discrimine
1012 3597 1060 3660 uti
1085 3594 1251 3659 solebant.

255 3717 425 3801 Vergilius
449 3717 597 3801 exempli
621 3719 731 3800 gratia
754 3718 797 3781 ad
818 3737 889 3781 rem
910 3725 981 3780 tam
1002 3715 1174 3779 difficilem
1193 3735 1230 3779 se
1249 3714 1361 3778 accin-

210 3859 294 3923 gens
328 3838 436 3920 qualis
470 3845 521 3901 est
557 3837 740 3902 inferorum
776 3837 971 3920 descriptio,
1007 3836 1170 3901 auxilium
1201 3834 1363 3918 implorat

211 3958 353 4021 deorum
376 3956 560 4021 inferorum
584 3957 636 4021 his
659 3958 772 4022 verbis
797 3956 898 4042 (Aen.
923 3957 954 4021 6.
970 3957 1063 4039 264):

245 4185 271 4254 1)
288 4187 381 4236 Horat.
397 4186 448 4236 Od.
465 4199 490 4250 3.
501 4199 526 4249 9.
539 4199 585 4237 12:
595 4185 623 4235 si
633 4193 742 4251 parcent
750 4186 853 4237 animae
862 4187 915 4236 fata
925 4183 1068 4250 superstiti,
1078 4183 1123 4233 ubi
1133 4183 1236 4233 animae
1249 4204 1273 4226 =
1283 4182 1363 4234 vitae.

242 4272 270 4338 2)
289 4272 438 4322 Verisimile
456 4280 495 4322 est
514 4272 593 4322 talem
611 4272 766 4338 opinionem
784 4288 815 4322 ex
832 4271 1058 4337 philosophorum,
1068 4269 1214 4319 Stoicorum
1223 4268 1362 4335 imprimis,

212 4359 360 4424 praeceptis
387 4366 470 4409 ortam
498 4375 563 4425 esse,
591 4359 625 4408 de
650 4360 746 4425 quibus
773 4358 907 4424 copiosius
925 4357 993 4408 inira
1011 4355 1202 4422 disputabimus
1221 4353 1267 4422 (cf.
1286 4355 1364 4406 huius

211 4444 273 4496 libri
292 4446 371 4511 capit.
390 4445 463 4512 1115
499 4445 519 4512 ).

244 4532 272 4599 3)
290 4532 323 4582 ci.
340 4532 411 4582 Serv.
428 4532 462 4582 ad
477 4534 545 4583 Aen.
560 4547 586 4595 4.
596 4533 662 4597 654:
683 4533 770 4583 anima
780 4548 848 4597 quae
858 4547 971 4597 superna
980 4535 1020 4582 est
1029 4536 1056 4580 et
1065 4529 1194 4594 originem
1204 4543 1276 4578 suam
1286 4528 1363 4594 petit.

243 4619 272 4687 4)
291 4619 324 4670 cf.
345 4619 396 4670 hoc
415 4619 534 4669 scholion
553 4620 704 4686 interpretis
723 4620 827 4684 antiqui
846 4619 916 4685 apud
934 4618 1060 4667 AMaium
1078 4616 1219 4683 (Forbiger
1235 4615 1270 4664 ad
1295 4617 1364 4666 Aen.

215 4715 239 4772 5.
250 4704 311 4773 80):
330 4707 362 4756 In
380 4707 429 4756 tria
447 4706 581 4757 homiuem
599 4707 707 4757 dividit:
726 4707 849 4769 animam,
864 4720 931 4771 quae
947 4704 975 4754 in
984 4703 1085 4754 caelum
1095 4703 1159 4769 abit,
1168 4702 1286 4752 umbram
1295 4717 1364 4768 quae

214 4794 247 4843 ad
264 4793 372 4861 inferos,
391 4809 485 4859 corpus
505 4793 580 4860 quod
599 4793 708 4844 traditur
728 4794 885 4860 sepulturae.
