3134 5476
658 273 700 342 72

102 441 226 504 cabant
238 439 271 524 ¹).
294 439 409 523 Vulgo
422 439 565 503 Tartara
577 448 612 504 et
626 440 780 524 Elysium
794 441 882 504 inter
894 461 931 504 se
943 443 1210 525 opponebantur
1220 443 1256 528 ²),

102 581 310 643 quamquam
336 558 418 622 nihil
442 580 594 642 unquam
619 561 682 624 hac
707 561 750 624 de
774 582 809 624 re
834 560 1025 625 constabat.

148 679 259 762 Quam
283 680 400 743 nitidis
419 680 590 743 coloribus
611 679 805 763 Elysiorum
819 699 1018 763 camporum
1031 683 1257 746 amoenitates

102 809 225 883 poetae
250 800 435 882 depingere
459 801 617 876 solerent,
644 801 750 863 cuivis
774 807 893 863 notum
917 820 991 863 esse
1015 809 1132 884 potest
1146 799 1181 884 ³).

148 921 188 983 In
213 921 489 1002 inscriptionibus
514 941 650 1003 quoque
677 919 831 1003 Elysium
857 920 959 1002 vulgo
984 929 1036 984 est
1059 919 1164 998 locus,
1190 943 1257 1005 quo

104 1041 126 1103 ii
150 1040 365 1122 potissimum
385 1043 605 1117 conveniunt,
626 1041 683 1123 qui
708 1048 875 1121 „aetatem
889 1041 1020 1122 egerint
1033 1050 1127 1104 caste
1139 1041 1257 1106 suam”

105 1160 224 1243 (Plaut.
246 1160 398 1223 Trinum.
422 1161 497 1243 549)
511 1157 536 1243 ⁴)
556 1161 613 1224 ubi
634 1161 705 1224 vita
726 1161 828 1223 beata
848 1159 1042 1223 hominibus
1063 1169 1184 1243 parata
1196 1171 1257 1238 est,

105 1299 173 1361 quo
198 1277 235 1341 fit
260 1286 297 1341 ut
322 1278 437 1341 multis
460 1288 654 1363 exoptetur.

106 1397 186 1460 Bch.
199 1412 284 1480 435:
333 1399 378 1462 Hi
403 1407 521 1462 sancte
547 1399 682 1463 coluere
707 1400 790 1461 deos
815 1399 1000 1481 vixereque
1024 1398 1179 1476 honeste,

336 1527 415 1601 post
439 1520 571 1582 obitum
597 1518 733 1601 Elysios
755 1526 794 1581 ut
817 1526 958 1600 possent
978 1519 1087 1582 visere
1107 1539 1258 1603 campos.

106 1638 187 1701 Bch.
205 1640 305 1720 1165:
331 1640 475 1723 (animae
499 1639 644 1722 piorum)
668 1641 840 1702 insontem
866 1639 1064 1721 Magnillam
1089 1640 1205 1704 ducite

384 1780 444 1842 per
468 1780 607 1824 nemora
631 1767 665 1822 et
690 1779 830 1842 campos
855 1759 1009 1842 protinus
1034 1758 1182 1842 Elysios.

110 1878 190 1942 Bch.
210 1898 309 1961 1311:
335 1880 531 1962 (Vincentia
555 1888 652 1963 rapta
677 1887 712 1942 et
735 1887 815 1943 ante
840 1887 973 1962 patrem
998 1881 1138 1944 condita
1163 1881 1226 1964 est)

338 2001 420 2081 quin
441 2000 554 2082 potius
575 2019 715 2082 corpus:
738 2020 816 2062 nam
838 2019 934 2062 mens
953 2007 1093 2063 aeterna
1106 2000 1259 2082 profecto

427 2141 490 2202 pro
515 2120 644 2182 meritis
669 2119 798 2202 potitur
822 2119 960 2183 sedibus
984 2120 1120 2202 Elysiis.

110 2242 308 2322 Bch.1515:
333 2242 399 2304 iam
424 2249 459 2303 te
483 2261 551 2303 non
575 2240 718 2303 Tartara
742 2239 915 2303 crudelem
939 2240 1117 2316 tenebunt,

430 2368 481 2424 set
506 2359 642 2443 Elysius
666 2381 807 2443 campus
830 2361 1022 2444 occupavit.

110 2484 185 2566 pius
210 2484 301 2546 enim
326 2503 399 2546 eras
423 2491 457 2545 et
485 2482 632 2565 „probus
655 2481 812 2564 parens’'.

113 2603 193 2666 Bch.
210 2622 290 2686 394:
339 2603 479 2686 Inplesti
504 2604 560 2686 pia
583 2610 681 2665 vota:
706 2610 846 2684 peracto
870 2608 1026 2684 tempore
1051 2604 1142 2666 vitae

342 2722 423 2787 selix
446 2722 572 2805 Elysiis
596 2724 719 2785 merito
743 2722 827 2784 levis
852 2722 971 2786 umbra
996 2723 1137 2786 moraris
1151 2721 1187 2806 5).

146 2937 172 3004 1)
190 2938 224 2988 ci.
251 2937 344 2987 Rohde
373 2936 415 2986 l.l.
444 2935 487 2984 11⁸
516 2952 542 3000 p.
562 2947 625 2998 370:
656 2935 737 2998 „Dies
764 2934 862 2983 warin
882 2939 997 2999 spaterer
1016 2935 1073 2984 Zeit
1094 2935 1137 2984 die
1156 2936 1260 2986 iibliche

113 3021 252 3075 Ansicht''.

145 3111 173 3178 2)
191 3113 224 3162 cf.
244 3113 323 3176 Verg.
343 3111 410 3160 Aen.
430 3112 455 3160 6.
467 3118 617 3174 541-543.

144 3198 173 3265 3)
191 3199 224 3248 cf.
244 3200 323 3247 Hom.
344 3198 395 3247 Od.
414 3212 439 3259 4.
451 3197 501 3261 563
521 3211 596 3263 sqq.;
615 3196 719 3246 Pindar.
735 3196 829 3261 fragm.
842 3197 901 3262 106,
914 3206 973 3263 107,
990 3195 1259 3263 Olymp.2.61sqq.3

113 3285 232 3351 Euripid.
260 3285 373 3350 Hippol.
402 3294 452 3347 732
472 3298 547 3350 sqq.;
576 3282 710 3347 Aristoph.
739 3284 806 3332 Rau.
838 3292 888 3346 154
907 3297 982 3349 sqq.;
1012 3282 1124 3332 Arioch.
1151 3299 1177 3347 p.
1199 3295 1262 3346 371⁶

113 3371 260 3437 (Dieterich
278 3371 322 3420 l.l.
342 3387 369 3436 p.
389 3369 449 3437 30);
468 3371 547 3433 Verg.
567 3371 634 3419 Aen.
653 3370 678 3418 6.
688 3367 740 3432 638
760 3384 834 3436 sqq.;
855 3369 954 3419 Tibull.
975 3383 998 3419 1.
1010 3382 1034 3434 3.
1046 3380 1080 3434 59
1091 3385 1151 3435 sqq.
1168 3371 1262 3421 Rohde

115 3457 158 3507 l.l.
178 3458 222 3507 11³
241 3475 267 3523 p.
287 3457 338 3521 383
357 3456 457 3506 adnott.
477 3470 503 3522 2,
522 3467 547 3520 3,
567 3465 590 3519 5.

146 3544 176 3611 4)
194 3545 237 3594 Sic
255 3560 334 3610 saepe
353 3545 381 3593 in
399 3543 557 3592 carminibus
577 3541 745 3590 Christianis:

112 3632 144 3681 cs.
164 3632 227 3681 Bch.
246 3631 313 3681 681:
360 3632 409 3679 iam
427 3629 500 3678 videt
518 3636 543 3678 et
562 3628 642 3677 sentit
660 3628 748 3691 magni
767 3628 915 3692 spectacula
934 3629 1008 3694 regni

359 3725 385 3768 et
403 3718 461 3767 bene
475 3724 527 3782 pro
546 3715 647 3765 meritis
666 3715 760 3780 gaudet
779 3715 829 3764 sibi
849 3716 964 3780 praemia
981 3716 1056 3765 reddi

361 3811 455 3870 tecum,
473 3803 563 3869 Paule,
581 3810 674 3852 teneus
692 3802 791 3851 calcata
808 3809 890 3852 morte
909 3819 1041 3853 coronam.

173 3893 236 3942 Bch.
256 3890 323 3942 688:
360 3892 458 3957 sprevit
477 3906 551 3956 opes,
568 3889 630 3939 dum
649 3888 751 3953 quaerit
769 3904 844 3954 opes,
862 3889 980 3939 mortalia
998 3897 1101 3940 mutans

359 3979 504 4044 perpetuis,
521 3977 619 4026 caelum
638 3976 712 4024 donis
732 3976 902 4025 terrestribus
920 3978 989 4026 emit.

113 4073 247 4132 praeterea
275 4076 325 4128 703
351 4065 469 4130 (superas
488 4064 616 4113 reditums
635 4062 734 4112 meritis
756 4061 789 4111 ad
808 4061 903 4128 auras),
923 4073 983 4130 735,
1003 4074 1063 4128 743,
1084 4062 1134 4126 748
1153 4061 1266 4128 (caelum

119 4155 218 4218 petiere
246 4153 376 4202 innocuae
403 4152 471 4201 vitae
495 4151 594 4200 meritis
612 4165 773 4214 operumque
795 4148 945 4216 bonorum),
965 4159 1024 4216 755,
1045 4151 1104 4216 760,
1125 4149 1186 4216 767,
1206 4150 1266 4216 776,

120 4240 182 4306 778,
202 4250 253 4303 779
272 4239 375 4304 (divino
394 4254 500 4288 munere
519 4238 592 4288 reddi
611 4236 758 4286 mercedem
776 4235 896 4303 meritis),
916 4249 976 4299 904.

151 4327 179 4391 5)
197 4327 292 4375 Merita
319 4325 397 4392 vitae,
425 4340 492 4390 quae
520 4331 579 4389 post
604 4331 714 4373 mortem
738 4322 890 4372 hominibus
909 4322 1032 4387 'prodesse
1051 4324 1220 4390 putabantur,
1239 4325 1266 4374 in

113 4413 196 4462 titulis
215 4428 293 4477 saepe
312 4417 560 4461 commemorantur:

115 4499 220 4548 ctssch.
231 4509 297 4562 477:
318 4505 357 4548 est
375 4498 439 4547 mihi
458 4504 524 4547 terra
542 4497 607 4546 levis
627 4497 727 4560 merito,
746 4495 793 4545 sed
812 4495 918 4560 quiesco
938 4511 1063 4546 marmore
1082 4497 1192 4547 clausus.
1285 4531 1287 4535 «

318 4585 427 4635 reddedi
445 4585 602 4650 depositum,
621 4583 739 4647 coaglavi
757 4598 858 4648 semper
876 4583 983 4648 amicos,

319 4672 416 4722 nullius
436 4671 562 4721 thalamos
581 4671 691 4736 turbavi,
710 4685 787 4718 nemo
807 4676 937 4735 queretur,
956 4675 1004 4718 etc.
