3134 5476
755 399 778 464 4

195 560 309 628 benda
331 572 551 642 curaverunt,
576 564 641 629 hoc
665 564 774 629 solum
798 585 842 629 ex
861 565 902 628 iis
922 563 1075 641 efficitur,
1095 583 1184 646 quae
1204 570 1240 628 et
1259 570 1347 647 quot

194 685 336 748 diversis
358 685 570 768 temporibus
593 684 717 751 fuerint
741 685 919 750 hominum
943 685 1144 750 sententiae.

238 804 289 869 At
320 805 386 869 hoc
416 805 499 870 mihi
526 807 660 871 videtur
691 815 857 885 constare,
882 826 970 890 quae
994 809 1037 871 de
1061 805 1176 870 inferis
1200 825 1240 870 ac
1264 825 1347 870 con·

195 925 328 989 dicione
359 933 571 990 mortuorum
600 927 692 1010 apud
724 946 783 990 eos
816 927 1013 1011 degentium
1038 925 1214 1010 divulgata
1238 935 1346 1004 erant,

194 1044 314 1130 vulgus
334 1045 533 1129 plerumque
555 1046 731 1111 retinuisse
752 1047 975 1130 deditumque
996 1045 1098 1110 fuisse
1118 1047 1158 1110 iis
1175 1046 1346 1124 omnibus,

193 1185 281 1247 quae
302 1173 425 1249 po'etae
444 1166 610 1250 imprimis
630 1175 665 1230 et
685 1166 860 1251 fingebant
880 1175 914 1231 et
934 1166 1117 1231 tradebant
1129 1163 1170 1251 ¹);
1192 1166 1235 1231 ad
1256 1187 1347 1250 quae

194 1285 426 1351 confirmanda
447 1295 613 1370 quantum
629 1286 773 1351 valuerit
785 1285 927 1371 Vergilii
941 1287 1117 1351 Aeneidos
1129 1286 1216 1351 liber
1227 1296 1346 1352 sextus

194 1406 376 1491 unicuique
412 1416 532 1472 notum
563 1415 625 1472 est.
657 1407 770 1490 Negat
801 1408 941 1490 quidem
973 1407 1093 1473 Cicero
1123 1408 1224 1473 Tusc.
1256 1409 1344 1492 disp.

198 1544 225 1591 1.
240 1529 347 1608 21.48
371 1528 539 1593 scribens:
569 1548 675 1611 „quae
698 1537 750 1592 est
773 1548 857 1592 anus
880 1536 952 1592 tam
976 1527 1092 1605 delira,
1116 1549 1204 1612 quae
1224 1529 1346 1593 timeat

197 1649 289 1728 „ista,
314 1668 402 1731 quae
427 1669 488 1712 vos
511 1647 682 1726 videlicet,
706 1649 733 1712 si
758 1647 901 1732 physica
923 1669 992 1712 non
1013 1648 1226 1726 didicissetis,
1246 1649 1345 1713 time·

197 1769 307 1850 „retis
339 1768 530 1833 Acherusia
553 1768 683 1852 templa
706 1768 776 1833 alta
800 1767 891 1844 Orci,
917 1767 1044 1852 pallida
1068 1769 1156 1846 Leti,
1181 1767 1346 1834 obnubila

198 1889 367 1970 ,tenebris
387 1888 505 1954 loca?’'
525 1899 560 1955 et
581 1889 712 1956 Seneca
733 1890 842 1974 Epist.
864 1910 947 1954 mor.
969 1909 999 1973 3.
1022 1909 1040 1973 3
1062 1889 1205 1976 (24.18):
1223 1911 1344 1971 ,nemo

197 2019 286 2092 ,tam
307 2031 391 2095 puer
411 2020 472 2088 est,
493 2020 531 2076 ut
551 2011 736 2077 Cerberum
756 2012 876 2075 timeat
897 2019 931 2074 et
952 2010 1111 2075 tenebras
1131 2019 1166 2075 et
1181 2009 1344 2075 larvalem

198 2130 371 2211 „habitum
403 2132 502 2197 nudis
533 2132 665 2197 ossibus
688 2131 979 2196 cohaerentium.’'
1003 2130 1072 2196 Sed
1097 2131 1160 2195 hac
1185 2132 1219 2195 in
1244 2132 1344 2195 reiis

194 2252 252 2315 vix
286 2251 371 2316 fides
406 2261 457 2316 est
492 2252 668 2329 habenda,
705 2273 829 2335 parvus
864 2252 956 2316 enim
991 2259 1044 2317 est
1077 2271 1238 2316 numerus
1272 2272 1343 2317 car-

194 2372 325 2435 minum
356 2392 473 2436 eorum
505 2372 735 2436 monumentis
759 2370 851 2456 vulgi
875 2371 1125 2455 inscriptorum,
1149 2392 1238 2455 quae
1261 2371 1344 2437 talia

194 2500 332 2574 negant.
419 2522 421 2527 ·

240 2614 418 2678 Lucretius
428 2611 454 2698 ²)
485 2614 635 2697 quidem,
667 2611 886 2698 Lucianusl),
911 2613 967 2679 alii
991 2635 1051 2679 eos
1075 2615 1237 2679 conviciis
1262 2635 1343 2680 con·

193 2742 366 2798 sectantur
385 2733 669 2817 stultissimosque
689 2734 817 2811 dicunt,
839 2735 897 2818 qui
911 2754 1021 2798 rerum
1035 2735 1226 2799 divinarum
1239 2735 1343 2800 fidem

194 2876 263 2920 non
287 2863 528 2938 aspernantur;
552 2854 610 2937 qui
634 2863 749 2918 autem
774 2875 833 2918 cur
856 2854 1113 2936 indignarentur
1137 2876 1205 2919 non
1230 2856 1343 2934 video,

194 2976 257 3039 nisi
289 2975 478 3040 inveterata
508 2985 543 3040 et
572 2974 641 3039 late
672 2975 825 3058 dispersa
848 2983 937 3039 esset
961 2984 1059 3040 vetus
1082 2983 1117 3039 et
1142 2975 1283 3039 deorum
1308 2985 1344 3040 et

194 3118 305 3161 rerum
330 3105 408 3181 post
431 3106 578 3161 mortem
601 3095 788 3160 futurarum
813 3096 940 3179 opinio.

238 3216 323 3280 Inde
355 3237 375 3281 a
402 3217 512 3300 primo
536 3214 672 3280 saeculo
696 3224 776 3279 ante
801 3214 973 3280 Christum
997 3225 1116 3280 natum
1140 3217 1237 3280 multi
1261 3237 1343 3282 sane
1401 3224 1403 3229 '

194 3335 329 3401 fuerunt
368 3336 540 3414 homines,
573 3337 632 3421 qui
665 3338 748 3402 deos
779 3356 851 3400 esse
883 3337 986 3419 inque
1018 3345 1128 3401 morte
1160 3339 1343 3421 quicquam

194 3478 369 3521 remanere
388 3465 447 3521 aut
468 3464 633 3540 negarent
649 3465 708 3520 aut
722 3456 928 3532 dubitarent,
942 3457 1002 3520 sed
1017 3477 1059 3520 ne
1072 3477 1190 3521 eorum
1203 3458 1343 3540 quidem

194 3598 352 3641 numerus
382 3577 663 3642 videtur'tantus
694 3575 794 3640 luisse
825 3584 991 3659 quantum
1019 3578 1237 3641 coniecerunt
1261 3576 1342 3641 olim

234 3837 260 3905 1)
285 3837 318 3887 cs.
344 3837 443 3887 Seneca
467 3835 500 3885 ad
524 3835 648 3884 Marciam
673 3834 705 3885 de
728 3835 828 3884 consol.
856 3847 937 3898 19.4:
964 3833 1158 3899 Cogita-illa
1177 3851 1245 3901 quae
1264 3837 1341 3887 nobis

195 3925 293 3975 inferos
316 3925 416 3974 faciunt
440 3922 578 3988 terribiles,
601 3922 716 3972 fabulam
740 3938 807 3989 esse,
830 3922 917 3972 nullas
941 3922 1077 3972 imminere
1094 3923 1203 3973 mortuis
1222 3925 1342 3974 tenebras

194 4029 243 4062 nec
268 4027 396 4062 carcerem
419 4025 466 4060 nec
485 4009 592 4058 flumina
610 4008 672 4074 igue
690 4009 826 4074 flagrantia
844 4025 893 4059 nec
913 4009 1055 4059 oblivionis
1073 4025 1176 4060 amnem
1195 4026 1243 4060 nec
1263 4012 1344 4061 tribu-

196 4099 267 4149 nalia
292 4106 318 4148 et
341 4114 400 4148 reos
424 4097 498 4147 etin
517 4095 563 4146 illa
580 4096 702 4146 libertate
721 4103 774 4146 tam
792 4096 851 4146 laxa
870 4096 939 4146 ullos
957 4097 1051 4146 iterum
1070 4104 1203 4162 tyrannos.
1222 4097 1340 4147 luserunt

195 4185 245 4235 ista
264 4189 358 4250 poetae
377 4191 403 4233 et
421 4183 495 4233 vanis
514 4198 563 4232 nos
584 4182 714 4247 agitavere
734 4183 884 4232 terroribus.
904 4183 1007 4231 Lucret.
1030 4195 1052 4231 1.
1074 4194 1132 4246 103.

231 4270 260 4338 2)
284 4271 318 4321 cs.
338 4269 508 4320 Friedlttnder
527 4269 764 4334 Sittengeschichte
783 4271 865 4318 Roms
885 4269 937 4319 111⁰
955 4285 982 4334 p.
1002 4278 1062 4334 511.

232 4358 260 4426 3)
284 4359 317 4409 cs.
343 4357 514 4408 Friedlunder
537 4357 580 4406 l.l.
600 4373 627 4422 p.
648 4366 712 4421 522:
734 4357 812 4422 „Und
830 4373 880 4407 nur
899 4357 958 4406 eine
978 4357 1054 4406 weite
1073 4357 1250 4422 Verbreitung
1269 4358 1342 4408 eines

197 4445 323 4510 ,blinden
349 4444 485 4494 Glaubens
508 4444 563 4494 und
586 4443 739 4494 kindischer
757 4444 933 4510 superstition
952 4442 1052 4493 konnte
1071 4443 1114 4493 die
1131 4443 1343 4509 religionsfelnd-

197 4533 280 4598 „liche
306 4532 517 4583 Schriststellerei
542 4532 615 4581 eines
640 4533 740 4581 Lucian
766 4532 807 4581 ins
831 4533 922 4582 Leben
940 4531 1026 4597 rufen,
1044 4530 1123 4581 deren
1142 4532 1349 4600 uuermiidliche,

197 4621 304 4686 „immer
323 4619 492 4670 wiederholte
512 4619 631 4684 Angriffe
649 4618 718 4667 doch
737 4619 832 4682 gewisz
849 4618 924 4668 nicht
942 4618 983 4668 sur
1001 4619 1044 4667 ein
1061 4619 1178 4668 Fechten
1194 4619 1241 4668 mit
1257 4619 1347 4669 Schat·

196 4716 257 4773 „ten
276 4708 399 4773 gehalten
417 4706 523 4757 werden
537 4704 671 4755 kdnnen.”
685 4707 709 4770 J.
719 4705 838 4771 Woltjer.
850 4707 966 4756 Lucretii
976 4705 1147 4772 philosophia
1156 4721 1214 4755 cum
1224 4706 1342 4756 fontibus

195 4802 345 4860 comparata
362 4793 527 4862 (Groningae
549 4792 639 4860 1877),
656 4809 716 4858 pag.
736 4794 762 4844 6.
1326 4797 1328 4806 ⁴
