3134 5476
651 419 695 489 47

94 585 289 653 hominibus
323 595 382 651 aut
417 588 579 670 prodesse
613 596 673 652 aut
704 607 828 652 nocere
843 585 866 671 ¹)
899 589 1048 672 possint3
1074 597 1246 673 potestate

94 709 212 773 diviua
245 708 400 773 fruuntur
433 716 470 772 et
505 728 665 792 magnam
697 708 826 773 habent
857 709 928 772 vim
959 710 1003 773 ad
1027 710 1248 774 commodum

96 829 151 894 vel
176 828 433 893 incommodum
457 829 697 912 superstitibus
719 828 942 898 afferendum.

96 948 139 1014 cf.
164 949 247 1013 Bch.
276 948 355 1013 1062
403 947 523 1012 Manes
546 948 710 1025 colamus,
735 969 882 1032 namque
907 949 1036 1032 opertis
1061 950 1221 1014 Manibus

489 1067 605 1132 divina
629 1068 680 1132 vis
703 1076 756 1132 est
778 1069 944 1133 aeviterui
969 1070 1144 1153 temporis.

94 1190 177 1254 Bch.
207 1207 308 1273 1034:
399 1210 453 1253 me
478 1190 593 1273 potius
617 1189 738 1254 Manes
761 1190 953 1273 rapuissent
976 1190 1067 1255 Ditis
1090 1191 1194 1255 avari.

95 1310 139 1375 cl.
164 1310 245 1374 Bch.
275 1326 369 1391 1224.
385 1329 414 1393 3,
443 1324 537 1395 1572.
549 1329 582 1391 4.

96 1429 297 1513 Bch.1o36:
323 1431 357 1494 di
382 1430 513 1508 Manes,
538 1451 593 1495 me
617 1451 720 1494 unam
743 1431 899 1508 retinete,
923 1439 961 1495 ut
981 1431 1095 1496 vivere
1116 1433 1248 1515 possint

408 1572 494 1634 quos
518 1571 653 1634 semper
677 1550 766 1614 colui
791 1551 869 1614 viva
894 1549 1023 1614 libente
1047 1552 1173 1615 animo.

94 1680 130 1737 et
154 1672 235 1737 Bch.
264 1686 336 1756 197,
363 1687 437 1757 552,
462 1673 538 1755 653,
569 1673 663 1752 1604.

140 1789 241 1874 Quod
265 1793 404 1857 iuvandi
426 1790 492 1876 (vel
513 1791 672 1876 nocendi)
684 1791 736 1855 vis
748 1792 788 1855 iis
801 1791 910 1855 inesse
924 1791 1117 1874 putabatur,
1132 1812 1249 1855 eorum

95 1912 259 1976 auxilium
283 1913 549 1997 implorabatur:

94 2032 178 2096 Bch.
196 2049 297 2117 1117:
322 2034 406 2110 Vos,
431 2054 552 2117 precor
575 2053 596 2096 0
621 2033 751 2110 Manes,
776 2033 820 2096 sit
844 2032 926 2096 mihi
950 2041 1041 2096 terra
1064 2032 1159 2097 levis.

94 2152 298 2236 Bch.1155:
323 2152 487 2238 Optestor
510 2154 628 2218 Manes
652 2155 794 2218 meritae
818 2163 1025 2237 sanctaeque
1050 2163 1215 2237 patronae

371 2283 406 2339 et
429 2295 630 2358 comprecor
652 2283 689 2339 ut
712 2274 780 2339 leni
804 2283 894 2339 terra
917 2283 1012 2357 tegat
1035 2274 1178 2338 tumulo.

95 2392 138 2457 cl.
164 2394 245 2458 Bch.
274 2411 345 2478 132,
375 2411 470 2478 1029,
499 2396 592 2475 1164,
623 2393 754 2478 15552).

142 2513 216 2578 Nec
241 2535 310 2578 non
333 2523 369 2578 et
392 2514 599 2579 colebantur:

111 2847 114 2854 ·
130 2820 157 2888 1)
175 2821 208 2872 el.
219 2823 311 2872 Horat.
321 2822 409 2887 Epod.
420 2830 444 2887 5.
455 2834 504 2885 91:
541 2821 623 2888 Quin,
641 2821 688 2870 ubi
706 2821 792 2886 perire
811 2821 895 2871 iussus
914 2822 1081 2887 exspiravero

594 2908 745 2958 Nocturnus
763 2924 895 2959 occurram
912 2909 984 2959 furor

541 2997 684 3061 Petamque
703 2996 790 3045 voltus
807 2998 898 3047 umbra
916 2997 1002 3048 curvis
1021 2999 1162 3066 unguibus,

588 3082 717 3142 Quaevis
735 3083 840 3131 deorum
859 3067 1049 3134 cst⁴Manium.

542 3169 576 3219 Et
595 3169 723 3234 inquietis
741 3169 859 3219 assidens
878 3170 1037 3235 praecordiis

589 3257 689 3306 Pavore
708 3271 814 3306 somnos
831 3255 953 3306 auferam.

128 3344 319 3408 Comparentur
346 3342 406 3393 Val.
426 3342 511 3392 Flacc.
532 3353 557 3406 3.
568 3341 620 3406 386
639 3342 672 3393 de
691 3342 805 3393 necatis:
824 3350 897 3408 patet
916 3343 976 3394 ollis
995 3344 1074 3394 ianua
1092 3344 1139 3394 leti
1158 3346 1248 3410 Atque

96 3429 191 3480 iterum
218 3445 332 3480 remeare
359 3429 435 3496 licet,
461 3445 547 3480 comes
566 3445 619 3478 una
639 3445 756 3479 sororum
776 3430 889 3480 Additur
907 3436 933 3480 et
953 3430 1051 3495 pariter
1069 3437 1149 3480 terras
1167 3438 1247 3496 atque

98 3531 213 3582 aequora
239 3517 359 3567 lustrant.
384 3516 504 3582 Quisque
522 3532 583 3566 suos
601 3523 693 3567 sontes
711 3517 870 3581 inimicaque
889 3524 997 3582 pectora
1015 3518 1108 3582 poenis
1127 3518 1248 3583 Implicat

97 3611 124 3655 et
143 3604 213 3654 varia
231 3604 337 3653 meritos
359 3603 497 3654 formidine
516 3603 631 3668 pulsant.
651 3604 751 3654 Tibull.
770 3618 795 3654 2.
804 3605 830 3654 6.
841 3614 889 3667 37:
910 3621 943 3654 ne
959 3604 1009 3654 tibi
1018 3604 1133 3669 neglecti
1143 3605 1248 3655 mittant

97 3707 167 3741 nova
195 3691 297 3741 somnia
324 3706 421 3740 manes.
447 3689 526 3743 Ovid.
554 3692 609 3741 Ibis
622 3704 682 3755 139.
710 3691 818 3742 Sueton.
839 3691 923 3756 Calig.
944 3701 986 3756 59.
1005 3692 1160 3742 Ammianus
1179 3693 1248 3742 Mar·

98 3777 209 3829 cellinus
227 3777 261 3827 de
272 3778 409 3827 Constant.
430 3778 498 3843 Aug.
521 3791 615 3841 14.11.
636 3779 836 3828 Interfectorum
854 3779 952 3828 umbris
971 3778 1011 3828 ius
1027 3794 1084 3828 esse
1093 3793 1247 3829 concessum

97 3865 243 3914 homicidas
262 3863 406 3914 ulciscendi
424 3880 567 3930 manesque
585 3865 734 3930 insepultos
753 3881 836 3915 errare
855 3873 991 3933 nocentes,
1004 3866 1143 3931 impertitis
1159 3874 1246 3916 autem

98 3952 174 4002 iustis
201 3951 236 4001 ad
261 3951 321 4001 loca
347 3951 430 4002 infera
457 3952 584 4002 admissos
610 3953 726 4018 quietem
750 3953 866 4019 recipere
891 3969 973 4021 suam,
997 3953 1134 4003 notissima
1153 3953 1202 4004 fuit
1221 3959 1247 4004 et

97 4038 233 4104 divulgata
250 4039 419 4104 antiquorum
437 4039 538 4105 opini0.

126 4126 156 4194 2)
174 4125 239 4177 Bch.
262 4138 326 4191 132:
434 4128 537 4194 Precor,
555 4127 578 4177 si
597 4127 643 4193 qui
662 4127 724 4179 estis
744 4129 845 4194 Manes,
863 4134 893 4178 ut
910 4126 1057 4177 Trebelliae

438 4213 472 4263 sit
490 4215 613 4280 suaviter,

98 4299 249 4366 ambigitur,
266 4315 320 4365 quo
339 4300 418 4350 modo
437 4301 599 4366 explicetur:
620 4300 648 4351 si
667 4300 713 4366 qui
729 4300 792 4350 estis
801 4301 894 4350 Manes
905 4299 947 4349 i.e.
958 4300 980 4349 si
990 4299 1092 4365 aliquid
1102 4300 1250 4350 Trebelliae

100 4393 229 4454 superest,
257 4402 350 4452 precor
366 4395 396 4436 ut
414 4388 439 4437 ei
457 4388 491 4437 sit
510 4388 631 4439 suaviter.
650 4387 684 4437 Et
702 4386 752 4436 hoc
771 4386 863 4436 modo:
883 4386 911 4436 si
930 4389 1022 4437 Manes
1040 4393 1111 4454 sunt,
1128 4387 1250 4453 efficiant,

97 4489 199 4540 precor,
219 4479 248 4523 ut
266 4473 414 4524 Trebelliae
433 4474 466 4524 sit
486 4475 606 4524 suaviter.
625 4473 676 4524 Sed
696 4480 817 4523 neutrum
834 4489 924 4539 urgeo.

97 4559 161 4610 Bch.
184 4571 265 4624 1043:
302 4561 351 4628 Te,
369 4560 470 4627 Tellus,
488 4567 645 4625 sanctosque
666 4576 761 4626 precor
779 4575 827 4626 pro
846 4559 966 4624 coniugis
984 4559 1035 4627 (sic
1043 4559 1063 4628 l)
1081 4562 1175 4611 Manes

485 4664 532 4698 vos
551 4648 587 4699 ite
605 4647 714 4715 placidi,
732 4655 760 4698 tu
779 4647 844 4698 levis
863 4663 923 4697 ossa
941 4653 1023 4712 tegas.

98 4734 144 4785 sed
170 4734 263 4784 melior
291 4735 395 4787 videtur
421 4735 552 4786 Bonifacii
579 4735 743 4786 emendatio:
775 4751 838 4801 „vos
857 4735 914 4785 sitis
934 4732 1059 4801 placidi'’,
1078 4749 1147 4799 quae
1164 4742 1248 4785 metro

102 4837 153 4872 non
171 4822 301 4872 contraria
320 4831 347 4873 et
366 4824 511 4874 sententiae
531 4823 613 4888 magis
632 4822 828 4873 accommodata
847 4830 895 4872 est.
