3134 5476
704 388 746 458 77

187 553 286 619 Sedes
309 574 445 637 quoque
471 554 664 637 sepulcrum
685 563 847 618 vocatur:

142 674 224 738 Bch.
254 673 487 757 15392Militia
510 675 632 757 insigni
657 684 774 758 raptus
797 676 971 738 trieteride
996 684 1093 740 sexta

364 793 503 857 sedibus
526 793 578 857 his
602 795 686 857 situs
710 803 761 859 est
787 795 986 859 miserabilis
1011 795 1230 861 Heliodorus.

143 913 225 977 Bch.
253 914 334 995 588:
366 912 533 978 Conditus
557 913 673 977 infelix
697 915 731 977 in
756 915 821 977 ista
844 915 926 978 sede
950 917 1091 998 perenni

366 1034 554 1117 Principius
577 1033 721 1098 habitat.

142 1152 225 1217 Bch.
253 1153 333 1235 396:
369 1152 525 1216 Fatalem
538 1153 626 1216 hanc
638 1154 756 1217 sedem
769 1153 948 1237 Hippolite
961 1155 1057 1219 dedit
1070 1154 1116 1218 ob
1129 1155 1295 1238 pietatem

368 1275 402 1336 iu
427 1293 608 1337 commune
632 1274 696 1337 sibi
720 1281 756 1337 et
779 1283 885 1356 gnato
909 1273 1166 1358 collibertoque.

142 1394 226 1457 Bch.
253 1394 333 1475 580:
369 1394 422 1458 Tu
447 1414 583 1477 quoque
608 1395 781 1457 communi
807 1415 983 1458 mansurus
1006 1396 1088 1458 sede
1112 1396 1223 1460 viator

368 1513 506 1597 paulum
530 1515 622 1590 siste,
647 1534 777 1598 precor.

144 1636 326 1699 Praeterea
350 1635 431 1699 Bch.
451 1636 506 1718 96,
525 1651 603 1715 420,
622 1636 688 1715 428
712 1635 822 1718 (sedes
843 1644 936 1698 atrae
956 1634 1106 1719 telluris),
1129 1654 1205 1717 443,
1218 1636 1295 1716 460,

144 1770 218 1840 573,
247 1771 319 1840 574,
343 1757 419 1832 612,
444 1756 520 1832 622,
545 1757 620 1838 629,
645 1756 711 1836 640
735 1755 789 1839 (de
811 1776 978 1820 marmore
998 1758 1107 1821 sedes.
1122 1758 1172 1821 Id.
1190 1757 1296 1840 1176),

144 1877 220 1957 641,
242 1878 304 1960 675
327 1878 437 1960 (sedes
457 1877 645 1960 perpetua),
666 1877 743 1959 961,
769 1894 852 1957 1014
867 1878 979 1961 (sedes
992 1885 1141 1941 aeterna.
1155 1877 1206 1941 Id.
1218 1878 1296 1960 467,

141 2014 220 2079 471,
249 2011 342 2079 1055,
372 1997 596 2081 1589),1021,
623 2013 836 2072 1022,1120,
864 2012 944 2078 1125
961 1997 1049 2080 (piae
1062 1997 1183 2081 sedes),
1202 1997 1296 2072 1126,

148 2117 242 2200 1167,
273 2119 364 2198 1185,
395 2118 487 2194 1216,
518 2119 611 2198 1284,
641 2119 734 2198 1358,
764 2130 858 2198 1555,
885 2119 978 2199 1583,
998 2135 1076 2199 443,
1097 2118 1178 2181 etin
1192 2137 1294 2180 carm.

145 2236 325 2300 Christian.
360 2251 436 2320 734,
469 2254 543 2321 741,
581 2253 674 2318 1423,
712 2252 805 2318 1445.
838 2237 879 2300 cl.
912 2238 1043 2301 Dessau
1076 2238 1181 2318 8151:
1206 2236 1294 2300 hanc

145 2358 263 2421 sedem
287 2356 368 2438 peti.

189 2579 392 2665 Hospitium.

144 2699 226 2764 Bch.
241 2717 324 2781 242:

168 2821 364 2905 Hospitium
387 2821 449 2884 tibi
474 2821 550 2884 hoc.
574 2821 701 2884 invitus
725 2821 836 2884 venio.
861 2823 1069 2886 veniundum
1094 2831 1145 2886 est
1165 2831 1292 2886 tamen.

144 2941 225 3004 Bch.
255 2957 354 3024 1247:
445 2951 481 3005 et
502 2942 607 3024 gratis
629 2949 770 3005 aeterno
796 2942 949 3025 perfruor
972 2943 1131 3026 hospitio

147 3062 228 3125 Bch.
257 3063 359 3144 1583:

189 3186 247 3266 qui
279 3185 375 3248 vivos
399 3185 450 3268 (=
462 3184 573 3267 vivus)
597 3183 712 3246 multis
737 3184 770 3246 in
791 3183 942 3246 futurum
962 3203 1123 3265 suprema
1146 3183 1295 3266 hospitia

190 3305 333 3368 donavit
357 3305 484 3367 amicis.

146 3424 228 3487 Bch.
246 3441 345 3507 1249:
370 3424 555 3507 hospitium
578 3425 677 3488 nobis
701 3425 824 3487 sufficit
847 3425 912 3486 ista
937 3425 1072 3487 domus.

145 3545 226 3608 Bch.
245 3545 345 3629 1276:
369 3546 451 3628 quid
470 3567 641 3629 properas,
656 3543 799 3627 hospes?
813 3546 946 3626 requies
959 3544 1021 3607 tibi
1036 3552 1118 3607 nota
1133 3553 1294 3627 paratast.

410 3665 596 3749 hospitium
620 3665 686 3728 hoc
711 3665 839 3748 populo
863 3684 998 3747 semper
1022 3664 1149 3746 ubique
1176 3672 1282 3746 patet.

145 3786 325 3850 Praeterea
349 3785 430 3849 Bch.
455 3788 508 3869 89,
531 3786 608 3866 460,
633 3786 708 3866 856,
734 3799 827 3867 1559,
852 3798 931 3867 1731
955 3785 1037 3847 etin
1051 3805 1155 3847 carm.
1171 3784 1293 3848 Christ.

149 3923 224 3988 302,
249 3907 324 3990 788,
350 3908 423 3991 789,
454 3923 546 3988 1427.

192 4117 305 4180 Aedes.

150 4235 232 4299 Bch.
262 4250 319 4317 125
326 4250 361 4317 5:

194 4358 281 4421 hanc
304 4357 425 4420 aedem
449 4356 562 4438 posuit
585 4355 785 4435 struxidque
809 4353 869 4436 (sic
880 4353 899 4435 1)
924 4353 1111 4415 novissima
1135 4353 1265 4436 templa

393 4476 552 4539 Manibus
575 4484 610 4538 et
633 4476 736 4537 cineri
762 4474 986 4556 posteriisque
1011 4473 1105 4536 meis

196 4657 301 4722 Casul
323 4704 330 4718 .

150 4776 349 4858 Bch.1583:
373 4775 461 4838 hanc
486 4773 634 4838 casulam
658 4774 692 4836 in
716 4794 822 4856 parvo
847 4772 927 4835 fecit
950 4773 1099 4855 supremi
1123 4773 1288 4855 temporis
