3134 5476
733 368 777 434 26

225 549 382 634 Quocum
405 548 579 614 conferas:

179 672 248 737 Kb.
260 673 367 753 480a:
399 674 506 735 τοῦτον
529 666 653 750 μαθών,
676 667 756 748 ξένε,
779 677 877 743 πεῖνε,
903 669 1001 750 γένος,
1027 669 1165 753 κώμοιζε,
1188 668 1330 753 μνρίζον·

400 791 487 856 νοννῖο
511 789 573 871 γοῖρ
598 791 682 855 ἐστιν
705 789 827 872 βροτοῖς
851 796 959 855 τοῦτον
982 789 1025 855 τοὶ
1050 788 1251 870 οννθέμοοτον.

177 913 223 978 id.
250 913 331 996 362:
399 918 523 992 ποοῖοον,
547 910 717 994 τρύφνοον,
743 912 844 996 ζῆοον,
867 909 1043 978 οῖποθοονεῖν
1065 936 1101 977 οε
1124 912 1181 978 δεῖ.

177 1031 219 1096 cf.
242 1041 420 1117 praeterea
444 1033 525 1097 Βοὴ.
555 1035 637 1118 1567
658 1042 694 1098 et
717 1034 760 1098 de
783 1055 884 1098 avare
909 1035 1059 1098 vivendo
1079 1034 1161 1098 Βοὴ.
1187 1033 1272 1099 1106
1292 1042 1329 1098 et

182 1170 266 1236 1494
299 1152 656 1237 (Pseudophocylidea
691 1171 762 1237 109,
799 1171 861 1219 110
891 1155 983 1238 apud
1015 1153 1127 1238 Bergk
1159 1153 1194 1217 Ρ.
1208 1154 1248 1217 L.
1263 1149 1330 1217 G.³

178 1293 256 1358 pars
284 1274 317 1337 11
341 1294 374 1358 p.
398 1274 493 1359 466);
518 1274 600 1340 Βοὴ.
631 1275 701 1351 186,
727 1274 785 1338 ubi
808 1275 876 1340 duo
900 1273 1031 1352 fratres,
1057 1275 1115 1358 qui
1139 1275 1329 1339 concordes

177 1414 314 1477 semper
351 1414 387 1458 se
423 1395 548 1459 vixisse
582 1394 788 1478 gloriantur,
823 1394 907 1458 haec
943 1396 987 1470 de
1022 1415 1058 1460 se
1093 1395 1157 1478 ipsi
1193 1395 1330 1459 dicunt:

179 1515 393 1599 ,voluptates
415 1516 521 1580 secuti
545 1536 660 1580 sumus
680 1535 808 1592 omnes,
830 1517 921 1580 vitae
941 1524 1056 1581 nostre
1076 1516 1165 1600 (οἰοῖ)
1185 1537 1206 1579 a
1227 1515 1328 1579 nobis

177 1655 382 1719 „numquam
417 1636 597 1720 quitquam
632 1644 794 1720 negatum
818 1636 902 1701 est”.
928 1633 1089 1719 Sequitur
1112 1634 1326 1700 adhortatio:

177 1755 244 1837 „ita
268 1763 305 1819 tu
329 1756 387 1840 qui
411 1756 505 1838 legis,
525 1755 617 1821 bona
635 1756 706 1820 vita
723 1755 800 1819 vive
820 1755 956 1831 sodalis,
977 1776 1082 1839 quare
1103 1763 1181 1839 post
1193 1755 1328 1819 obitum

178 1897 259 1959 „nec
285 1877 368 1940 risus
392 1896 456 1940 nec
478 1874 570 1940 lusus
594 1896 657 1939 nec
684 1874 752 1939 ulla
775 1875 934 1959 voluptas
959 1875 1056 1940 erit”.

218 1997 377 2081 Denique
400 1996 495 2071 haec,
519 2016 608 2079 quae
631 1996 740 2059 isdem
761 1993 831 2059 fere
851 1996 964 2059 verbis
984 1996 1118 2080 saepius
1131 2004 1325 2061 recurrunt:

175 2116 257 2181 Βοὴ.
270 2119 334 2199 485
350 2125 385 2181 et
396 2117 480 2199 486:
505 2117 622 2181 Vivite
635 2116 767 2192 victuri,
782 2135 920 2193 moneo;
935 2136 1027 2180 mors
1039 2117 1197 2181 omnibus
1210 2117 1325 2181 instat.

177 2237 259 2301 Βοὴ.
284 2237 367 2303 802:
508 2237 636 2312 Vivite,
652 2235 767 2300 felices
779 2237 923 2313 animae,
938 2257 1028 2301 mors
1041 2238 1199 2302 omnibus
1212 2239 1327 2302 instat.

224 2357 321 2422 Idem
358 2356 438 2421 Bch.
472 2358 546 2439 803,
580 2356 654 2435 804,
679 2355 753 2437 805,
780 2354 855 2432 806,
881 2357 956 2439 859,
985 2372 1078 2436 1004,
1108 2357 1202 2434 1081,
1232 2357 1328 2434 1082,

180 2479 301 2565 (1091),
330 2493 423 2563 1095,
454 2494 554 2562 1117;
581 2493 654 2561 575,
681 2491 755 2559 574,
778 2492 844 2560 447
868 2483 904 2540 et
927 2475 1009 2540 Βοὴ.
1040 2492 1140 2559 1231:

410 2599 468 2682 qui
491 2596 613 2681 legitis,
638 2616 778 2660 moneo:
803 2595 920 2672 vivite,
945 2616 1037 2660 mors
1060 2605 1230 2681 properat.

175 2720 257 2785 Βοὴ.
286 2721 387 2802 1582:
411 2726 446 2782 et
481 2726 517 2782 tu
553 2719 611 2802 qui
641 2716 726 2800 legis
758 2735 838 2780 ecce
871 2736 986 2780 meum
1016 2714 1164 2792 titulum,
1189 2737 1327 2795 moneo,

408 2837 517 2902 fruere
541 2846 622 2901 tunc
647 2837 815 2920 (=dunc,
840 2835 934 2919 dum)
958 2835 1030 2900 vita
1052 2835 1134 2900 data
1158 2844 1220 2900 est.
1237 2834 1259 2921 ¹)

220 2960 352 3026 Graeca
375 2958 533 3042 exempla
556 2957 696 3021 afferam
719 2955 900 3022 nonnulla:

178 3081 252 3145 Iam
275 3080 363 3145 dixit
386 3078 560 3161 Theognis
586 3077 666 3162 567:

354 3197 442 3280 Ἥβρ
466 3195 653 3279 τερπόμενος
679 3194 790 3279 πορίζω·
815 3195 900 3277 δηρὸν
924 3195 987 3277 γὰρ
1012 3192 1134 3278 ἔνερθεν

401 3325 462 3397 γῆς
487 3316 600 3390 ὄλέοοις
624 3316 733 3399 ψυχὴν
757 3315 901 3395 κείοομονν
926 3313 1006 3382 ὥστε
1029 3314 1118 3390 λίθος

359 3437 531 3521 ἄφθογγος
557 3453 629 3505 κτλ.

178 3564 220 3629 οῖ.
245 3565 291 3629 id.
315 3565 380 3648 985
405 3582 491 3646 sqq„
511 3576 576 3646 973
599 3583 686 3646 sqq,
710 3567 803 3645 1009,
829 3577 922 3638 1010,
938 3562 1013 3645 877,
1027 3561 1104 3645 878,
1117 3576 1179 3646 725
1195 3582 1327 3645 sqq.=

178 3685 284 3753 Solon
308 3684 427 3769 fragm.
453 3684 539 3764 246.

176 3806 340 3890 Aeschyl.
366 3805 456 3868 Pers.
481 3805 563 3884 840:

355 3924 444 4002 ὑμεῖς
470 3921 512 4002 δὲ,
536 3920 698 4003 πρέσβεις,
725 3918 852 4000 χαίρετ’
877 3920 907 3983 ε’ν
931 3927 1040 3994 κοοκοῖς
1064 3915 1145 3998 ὅμως

355 4044 464 4126 ψυχὴν
489 4043 621 4116 διδόντες
647 4042 735 4124 ἡδονῇ
760 4039 836 4106 ποθ’
862 4040 981 4122 ἡμέραν

356 4167 394 4239 ὥς
419 4173 483 4238 τοῖς
508 4162 638 4230 &oraim
663 4167 797 4235 πλοῦτος
821 4162 905 4227 οὐδὲν
929 4165 1057 4244 ὠφελεῖ.

181 4291 299 4357 Crates
311 4289 403 4372 apud
412 4286 496 4370 ng.
506 4286 542 4350 P.
553 4269 643 4349 L.'G.
656 4281 668 4320 ³
680 4305 757 4368 pars
770 4286 802 4349 II
813 4306 845 4368 p.
856 4285 917 4369 671
931 4285 974 4348 ad
984 4285 1218 4368 impugnanda
1226 4284 1328 4349 haec:

292 4402 326 4473 εὖ
350 4407 446 4479 εἰδοῖς,
473 4400 518 4470 ὅτι
543 4401 656 4479 θνητὸς
681 4402 772 4483 ἔφυς,
798 4403 850 4467 τὸν
874 4400 976 4480 θυμὸν
1000 4401 1076 4480 ἄεξε

290 4524 477 4609 τερπόμενος
501 4522 645 4607 θολίροο·
670 4521 796 4588 θοινόντν
822 4547 867 4588 τον
894 4521 976 4596 οὕτος
1001 4520 1171 4598 ὄνησις.-

178 4698 383 4712 *-

216 4778 243 4847 1)
260 4778 294 4829 cf.
313 4777 376 4828 Βοὴ.
399 4775 474 4842 1083,
496 4774 572 4841 1084,
595 4786 676 4838 1491:
695 4760 783 4822 viuere
802 4772 881 4823 disce.
