3134 5476
736 397 754 464 7

216 559 289 623 Nec
309 562 488 644 quisquam
509 561 574 625 hoc
596 561 789 625 mirabitur:
813 563 959 626 Romani
981 563 1071 627 enim
1094 563 1173 625 inde
1192 583 1212 625 a
1229 561 1320 627 bello

170 699 247 742 curn
272 680 466 744 Hannibale
489 690 586 764 gesto
610 681 732 746 litteris
756 683 894 748 Graecis
919 684 1039 747 imbuti
1062 682 1196 746 suerunt
1218 681 1319 746 Grae·

170 819 296 882 cosque
314 800 506 866 habuerunt
519 804 698 885 magistros
710 801 741 887 ¹).
756 801 852 885 Quae
865 802 999 866 litterae
1016 802 1141 884 „ferum
1155 812 1319 887 ceperunt

170 921 368 997 victorem'',
392 942 470 986 curn
491 924 584 1005 ipsae
605 923 776 1006 perfectae
798 933 912 988 essent
932 933 966 989 et
986 924 1174 1000 absolutae,
1195 925 1319 989 Roma·

169 1060 288 1103 narum
318 1050 433 1105 autern
463 1042 652 1107 litterarum
676 1045 772 1109 initia
796 1046 919 1128 exigua
942 1053 977 1109 et
1001 1066 1116 1127 parva.
1142 1046 1321 1111 Praeterea

169 1160 325 1237 Romani,
352 1170 388 1226 ut
413 1164 530 1226 docuit
554 1165 721 1228 Wissowa
733 1163 769 1248 ²),
794 1165 837 1228 de
858 1164 964 1229 altera
985 1166 1056 1229 vita
1075 1173 1153 1248 post
1175 1174 1321 1230 mortem

168 1280 326 1364 degenda
357 1282 422 1346 illis
452 1285 666 1368 temporibus
690 1305 799 1367 pauca
822 1284 1006 1360 habebant,
1032 1306 1120 1367 quae
1144 1285 1320 1362 sentirent,

168 1403 259 1466 unde
283 1402 413 1467 facilius
436 1425 457 1467 a
480 1404 620 1469 Graecis
643 1405 725 1468 talia
749 1406 949 1488 reciperent.

212 1520 280 1587 Sed
305 1530 340 1586 et
363 1523 419 1587 alii
440 1523 575 1587 fuerunt
588 1524 709 1602 sontes,
724 1525 812 1589 inter
824 1546 911 1608 quos
924 1533 1101 1588 enumerat
1115 1525 1228 1589 Bruno
1242 1526 1321 1589 Lier

167 1645 408 1721 consolationes,
443 1645 597 1728 epicedio,
630 1646 773 1721 threnos,
806 1646 850 1708 de
880 1644 1003 1727 quibus
1035 1652 1150 1708 autem
1182 1646 1320 1728 copiose

167 1766 215 1830 ita
239 1767 400 1850 disputat,
425 1775 463 1831 ut
488 1788 624 1851 prorsus
648 1766 730 1830 nihil
756 1765 911 1841 habeam,
937 1766 1030 1848 quod
1053 1766 1179 1830 addam
1194 1762 1228 1849 ³).

214 1887 301 1950 Rem
332 1887 427 1952 brevi
459 1886 759 1969 comprehendam,
784 1894 820 1949 ut
843 1906 931 1968 quae
956 1886 1038 1948 mihi
1063 1885 1105 1948 de
1130 1885 1317 1948 carminum

169 2007 407 2090 sepulcralium
428 2008 557 2091 origine
578 2014 613 2070 et
633 2006 784 2070 fontibus
797 2005 979 2069 iudicanda
992 2005 1182 2080 videantur,
1196 2006 1318 2069 dicam.

169 2127 331 2191 Concedo
355 2127 455 2191 fuisse
480 2129 655 2192 Romanos
680 2147 806 2208 eosque
831 2126 933 2208 vulgo
957 2125 1113 2189 homines
1138 2125 1318 2202 doctiores,

169 2248 227 2329 qui
263 2248 364 2311 variis
395 2247 546 2312 sontibus
576 2248 707 2330 graecis
738 2248 787 2309 usi
811 2245 1016 2330 sepulcrales
1039 2246 1156 2310 titulos
1181 2265 1320 2330 compo·

168 2375 307 2431 suerunt
328 2367 432 2450 (quod
446 2366 628 2431 collatione
640 2388 839 2450 graecorum
854 2376 888 2430 et
900 2387 1118 2431 romanorum
1132 2367 1319 2430 carminum

169 2488 324 2552 instituta
357 2487 432 2552 luce
464 2489 585 2552 clarius
617 2488 788 2572 apparet);
823 2489 977 2552 concedo
1008 2487 1164 2552 homines
1195 2488 1320 2551 multos

169 2630 288 2692 parum
313 2610 463 2673 eruditos
487 2630 527 2673 ea
551 2610 701 2674 carmina
726 2610 955 2673 monumentis
979 2608 1148 2693 insculpta
1168 2616 1227 2672 aut
1246 2616 1320 2672 tota

168 2731 434 2813 transscripsisse
467 2738 525 2793 aut
557 2730 738 2794 nonnullos
770 2751 885 2793 versus
917 2731 951 2793 in
981 2751 1077 2793 suurn
1111 2750 1207 2792 usum
1239 2750 1319 2793 con·

169 2850 319 2925 vertisse,
352 2851 442 2914 unde
473 2871 533 2914 sua
564 2851 714 2914 carmina
746 2850 935 2914 conflarent
958 2850 1063 2934 (quod
1088 2870 1191 2932 quam
1214 2870 1317 2932 saepe

169 2969 296 3033 facturn
327 2968 437 3046 fuerit,
463 2971 609 3055 ostendi)
623 2967 665 3053 ⁴);
691 2991 754 3034 nec
778 2992 859 3034 vero
879 2970 1106 3035 dubitandum
1127 2989 1200 3032 esse
1222 2977 1317 3052 put0,

169 3090 250 3172 quin
282 3088 405 3152 suerint
438 3089 545 3165 multi,
577 3091 635 3172 qui
666 3090 731 3154 hac
762 3091 797 3153 in
821 3111 857 3153 re
882 3090 1071 3173 ipsi'saepe
1096 3089 1247 3166 luserint,
1271 3089 1319 3153 ita

169 3217 206 3273 ut
236 3217 294 3272 aut
326 3209 425 3272 nullis
456 3208 623 3292 exemplis
655 3210 704 3272 usi
737 3230 851 3273 versus
876 3208 1069 3272 inconditos
1094 3208 1236 3272 fecerint
1260 3215 1319 3272 aut

168 3337 286 3413 poetas
310 3330 504 3393 notissimos
528 3330 635 3393 secuti
649 3327 674 3413 ³)
694 3338 875 3393 centonem
897 3329 955 3412 qui
977 3328 1099 3392 dicitur
1120 3348 1319 3410 composue-

167 3451 244 3513 rint.
277 3451 380 3513 Porro
404 3469 516 3532 neque
540 3448 606 3513 hoc
630 3448 881 3532 neglegendum
905 3449 1040 3512 videtur
1064 3447 1214 3511 carmina
1237 3446 1319 3510 satis

169 3568 274 3634 multa
305 3570 431 3634 tradita
462 3591 545 3647 esse,
571 3590 658 3652 quae
683 3590 794 3652 neque
820 3577 966 3632 metrum
991 3589 1101 3651 neque
1125 3588 1319 3630 sermonem

173 3796 368 3806 -———--.

202 3920 228 3989 1)
246 3922 280 3972 cf.
308 3921 465 3972 Geschichte
490 3923 536 3973 der
559 3923 719 3972 Romisehen
739 3922 880 3973 Litteratur
897 3937 949 3971 von
968 3922 1064 3971 Martin
1083 3922 1208 3973 Schanzh
1228 3922 1317 3971 Erster

169 4009 228 4058 Teil
246 4025 307 4074 pag.
326 4019 359 4074 35
379 4009 392 4075 ᾗ
412 4023 461 4059 22:
481 4011 535 4059 Der
553 4008 733 4059 Hellenismus
752 4009 780 4058 in
799 4008 845 4058 der
860 4008 1019 4058 Riimisehen
1030 4009 1180 4058 Litteratur.
1191 4008 1316 4073 Religion

169 4095 223 4145 und
241 4096 338 4145 Kultus
358 4096 404 4146 der
422 4097 520 4145 Riimer
538 4112 591 4145 von
611 4097 699 4161 Georg
716 4097 843 4146 Wissowa
859 4111 886 4160 p.
899 4105 932 4160 54
947 4095 961 4161 ᾗ
980 4108 1025 4145 12:
1037 4096 1088 4144 Die
1098 4095 1314 4160 Hellenisierung

168 4182 214 4232 des
241 4183 344 4233 Kultes.
372 4183 543 4234 Friedlitnder
571 4184 589 4233 1.
599 4183 617 4234 l.
645 4200 672 4249 p.
692 4196 743 4247 399
768 4183 832 4248 (Die
856 4183 955 4233 sch'o'ne
973 4183 1136 4250 Litteratur).
1157 4185 1317 4248 Algemeene

169 4270 358 4320 Geschiedenis
376 4270 442 4320 door
460 4273 507 4321 Dr.
527 4271 562 4320 H.
582 4286 632 4320 vau
652 4270 757 4320 Gelder.
776 4269 890 4320 Tweede
909 4269 967 4320 deel
986 4286 1012 4335 p.
1033 4269 1084 4334 318
1101 4285 1162 4335 sqq.

198 4357 227 4424 2)
246 4357 289 4407 l.l.
310 4373 336 4422 p.
358 4370 417 4421 192.

198 4443 226 4510 3)
244 4444 288 4494 l.l.
308 4460 370 4509 pgg.
392 4457 425 4495 10
445 4454 470 4494 et
489 4461 550 4511 sqq.

196 4529 226 4597 4)
245 4531 278 4580 cf.
296 4531 373 4580 huius
391 4531 452 4580 libri
471 4546 498 4595 p.
517 4543 532 4594 3
552 4531 640 4581 adnot.
663 4544 686 4582 1.

197 4616 225 4684 5)
253 4617 345 4667 Potitus
370 4633 430 4667 suos
455 4618 554 4683 optime
580 4618 660 4683 vulgo
679 4633 756 4668 nosse
774 4619 908 4687 Romanos
928 4617 1016 4667 docuit
1035 4616 1208 4667 Friedlinder
1225 4617 1269 4670 l.l.
1289 4634 1317 4683 p.

167 4716 220 4767 400
247 4718 307 4769 sqq.
335 4702 525 4771 (Verbreitung
550 4704 634 4754 dieser
658 4705 750 4755 Poesie
775 4712 853 4755 unter
872 4705 923 4755 den
942 4705 1138 4771 Zeitgenossen.
1157 4704 1319 4771 Popularitit

171 4790 270 4854 Virgils
288 4791 343 4842 und
359 4791 406 4843 der
424 4792 535 4858 librigen
553 4791 711 4842 classischen
730 4792 859 4860 Dichter).
