3136 5454
757 379 801 443 80

205 570 384 633 Praeterea
415 564 497 628 Bch.
524 577 575 646 59,
600 579 653 646 71,
678 563 730 644 89,
761 576 831 644 117,
861 560 932 642 136,
961 575 1030 642 137,
1055 574 1131 641 471,
1157 569 1230 639 574,
1259 567 1371 634 1415>

210 709 221 753 1
229 703 267 771 55
274 704 302 770 5,
332 687 425 769 1563,
455 685 547 766 1583,
573 696 672 765 15933
686 682 817 744 Dessau
831 681 916 763 8072
929 700 1003 762 sqq.
1017 686 1053 742 et
1063 676 1182 742 titulus
1195 675 1399 756 bilinguie

205 811 231 873 Ι.
245 808 285 872 G.
300 808 340 871 R.
367 807 417 870 Ill
442 805 505 886 665
535 803 634 887 (698).

249 927 427 993 Simillima
451 927 484 988 in
508 923 615 987 titulis
639 921 787 986 Graecis.

205 1049 248 1112 A.
259 1050 295 1111 P.
306 1047 466 1112 V11228:
491 1043 582 1123 Αύτῷ
610 1041 662 1105 καὶ
689 1040 831 1105 τεκέεσσο
857 1038 985 1117 γυναικί
1007 1063 1042 1103 τε
1066 1037 1191 1115 τύμβον
1218 1035 1338 1113 ἔδειμεν

583 1161 771 1242 Ἀνδροτίων·
795 1161 878 1226 οὕτω
903 1157 1048 1230 δὀὐδενός
1074 1159 1137 1235 εἰμι
1164 1154 1282 1238 τύφος.

273 1288 354 1352 ibid.
381 1304 460 1369 330:
492 1285 558 1358 Τὴν
583 1283 678 1363 σύρον,
702 1279 736 1355 ἣν
764 1283 882 1364 ἕοορρῖς,
903 1280 959 1363 ζῶν
982 1275 1352 1356 Μύξνμοςαύτὸςὲαντῷ

585 1404 684 1481 ύῆκεν,
709 1399 790 1475 ύτως
816 1401 885 1482 νοένρ
908 1398 1112 1477 παυσάμενος
1136 1397 1256 1476 βίοτον.

208 1529 276 1591 Kb.
303 1526 383 1609 326:
408 1525 568 1590 Aurelius
592 1524 768 1608 Philippus
787 1523 844 1606 ζῶν
865 1521 910 1587 ἔτι
928 1519 1162 1587 κατεσκεύασεν
1176 1519 1278 1598 ἑαυτῷ
1291 1516 1342 1581 καὶ

252 1644 377 1725 γυναικὶ
402 1643 455 1709 καὶ
480 1643 596 1715 τὲκνοος
622 1644 745 1708 ἑαυτοῦ.

208 1768 244 1832 C.
255 1768 280 1830 Ι.
292 1766 444 1849 G.4306:
468 1765 502 1830 τὸ
518 1771 630 1842 μνῆμα
645 1764 715 1829 τύδε
730 1765 897 1839 ἐποιήσατο
911 1761 1050 1843 Σοδούροος
1064 1759 1280 1843 Παρμένοντος
1294 1760 1353 1830 υἱὸς

248 1886 348 1966 ἑαυτῷ
373 1885 425 1949 καὶ
450 1893 490 1967 τῇ
513 1885 638 1963 γυναικὶ
661 1885 714 1950 καὶ
739 1887 791 1964 υἱῷ
815 1883 976 1965 Πυβούλρ.

208 2027 353 2089 quorum
377 2009 445 2070 duo
469 2016 642 2090 postrema
665 2007 699 2070 in
724 2006 942 2090 praescriptis
964 2003 1132 2088 leguntur.

686 2173 883 2185 ..-....--

255 2294 312 2356 ΙΙΙ.
338 2293 468 2356 Notum
492 2302 552 2370 est,
574 2302 702 2376 quanta
722 2312 802 2355 cura
823 2291 969 2354 Romani
990 2289 1092 2371 vulgo
1105 2288 1262 2372 sepulcra
1274 2289 1357 2353 tueri

210 2423 245 2477 et
269 2413 380 2477 colere
404 2414 552 2477 solerent
568 2411 589 2497 ¹)
615 2389 846 2496 quantamque
871 2413 992 2476 darent
1011 2431 1151 2494 operam
1172 2420 1209 2474 ut
1228 2411 1360 2493 integra

212 2542 389 2596 manerent
408 2554 494 2596 neve
514 2533 722 2597 violarentur
733 2531 758 2617 ²)
769 2559 776 2607 ;
798 2552 884 2614 quae
903 2532 1035 2594 efficere
1056 2530 1121 2594 hoc
1143 2532 1247 2595 modo
1262 2550 1361 2594 cona·

212 2653 344 2730 bantur,
384 2662 422 2717 ut
456 2655 490 2717 in
525 2652 757 2737 sepulcrorum
793 2652 1070 2735 inscriptionibus
1104 2664 1166 2716 aut
1199 2660 1360 2735 rogarent

191 2775 392 2855 ‚praeterire
418 2795 480 2837 nec
500 2776 687 2857 quidquam
707 2772 787 2836 mali
807 2772 917 2836 facere
937 2783 997 2836 aut
1015 2774 1251 2849 admonerent,
1273 2793 1359 2855 quae

208 2894 365 2956 omnibus
389 2893 583 2957 hominibus
602 2901 681 2976 post
703 2900 847 2955 mortem
867 2892 1061 2955 acciderent
1081 2902 1116 2956 et
1136 2891 1360 2972 τυμβωρύχοις

207 3022 326 3094 parata
362 3018 489 3077 essent
510 3015 615 3096 iisque
651 3014 761 3077 varias
793 3013 1002 3075 minarentur
1033 3033 1162 3095 poenas
1192 3025 1254 3078 aut
1277 3015 1361 3077 deos

211 3162 401 3172 ——1———-

243 3223 268 3291 1)
287 3226 364 3274 Hanc
383 3240 470 3274 curam
488 3225 689 3275 vetustissimam
708 3241 765 3275 esse
784 3233 810 3274 et
828 3227 948 3292 sepulcra
967 3227 1019 3276 iam
1038 3226 1143 3277 Solonis
1161 3232 1246 3277 aetate
1267 3227 1361 3277 violari

211 3310 291 3375 idque
320 3312 411 3376 vetari,
438 3318 547 3376 apparet
571 3327 602 3360 ex
629 3312 683 3361 Cic.
708 3312 759 3377 leg.
786 3325 810 3362 2.
821 3313 868 3377 64:
897 3315 954 3377 „De
980 3314 1106 3379 sepulcris
1131 3320 1217 3362 autem
1233 3314 1303 3363 nihil
1323 3320 1362 3363 est

216 3397 303 3462 „apud
331 3398 454 3447 Solonem
480 3398 593 3462 amplius
619 3413 710 3463 quam:
736 3415 769 3448 ne
793 3399 853 3463 quis
878 3416 908 3449 ea
926 3400 1013 3450 deleat
1032 3417 1098 3450 nere
1117 3400 1232 3450 alienum
1251 3401 1360 3450 inserat:

217 3500 373 3549 „poenaque
401 3492 441 3534 est
465 3485 487 3532 si
512 3485 571 3549 quis
589 3485 694 3533 bustum
712 3484 784 3551 (nam
802 3486 829 3535 id
848 3486 977 3552 appellari
996 3494 1061 3552 puto
1078 3483 1188 3554 τύμβον)
1206 3496 1252 3539 aut
1271 3505 1362 3538 monu-

218 3578 358 3637 „mentum
364 3572 461 3636 inquit,
471 3578 515 3620 aut
525 3571 672 3620 columnam
681 3572 793 3639 violarit,
800 3574 932 3640 deiecerit,
941 3573 1074 3639 fregerit”.
1081 3575 1123 3624 De
1132 3575 1180 3625 hac
1190 3591 1217 3624 re
1228 3576 1362 3640 copiosius

216 3658 310 3707 Rohde
337 3657 380 3707 l.l.
409 3657 454 3707 11³
478 3674 504 3723 p.
530 3670 595 3721 340:
622 3659 729 3723 „Gegen
753 3661 927 3727 Prolanirung
951 3661 1036 3711 dieses
1061 3662 1362 3726 Familienheiligthums

213 3745 310 3809 „durch
327 3745 492 3810 Einbettung
507 3746 618 3795 lremder
634 3746 750 3796 Leichen
760 3747 824 3797 oder
833 3748 915 3799 durch
926 3750 1083 3814 Beraubung
1092 3748 1138 3798 des
1148 3748 1363 3814 Grabgewolbes,

216 3833 280 3895 „wie
300 3832 338 3881 sie
357 3832 393 3880 im
411 3832 559 3882 sinkenden
579 3832 728 3881 Alterthum
746 3834 836 3883 immor
854 3835 969 3901 haufiger
988 3834 1104 3900 rotham,
1124 3836 1222 3885 suchen
1242 3836 1300 3885 sich
1320 3836 1362 3885 die

215 3918 415 3982 „Bereehtigten
439 3935 469 3967 zu
489 3919 592 3969 sichern
612 3918 693 3968 durch
713 3919 835 3984 religiose
854 3922 908 3970 und
926 3922 1076 3986 burgerlich
1094 3921 1238 3971 rechtliche
1259 3921 1364 3971 Schutz·

217 4003 344 4070 „mittel'',
363 4012 389 4054 et
408 4021 435 4070 p.
456 4017 522 4068 344:
543 4005 616 4070 ,Auf
626 4005 687 4068 jede
703 4006 793 4055 Weise
803 4007 893 4056 suchte
904 4023 963 4056 man
971 4008 1034 4072 jetzt
1044 4009 1087 4058 die
1097 4008 1197 4058 starker
1206 4007 1363 4073 gef'ahrdete

217 4091 382 4156 „Heiliglreit
410 4092 464 4141 und
492 4093 568 4143 Ruhe
593 4093 639 4142 des
665 4093 766 4143 Grabes
790 4110 821 4142 zu
840 4093 972 4143 schiitzen.
991 4096 1046 4144 Das
1067 4096 1138 4146 Grab
1157 4097 1191 4145 ist
1210 4095 1284 4146 nicht
1303 4097 1363 4145 eine

219 4177 304 4243 „leere
333 4179 519 4229 Moderhohle:
548 4181 589 4229 die
616 4180 702 4230 Seelen
727 4181 774 4229 der
805 4181 905 4231 Todten
929 4181 1038 4231 wohnen
1063 4183 1092 4232 in
1110 4181 1192 4232 ihn1''.
1211 4183 1244 4232 cs.
1265 4199 1292 4248 p.
1313 4196 1365 4248 340

217 4265 307 4315 adnot.
328 4275 341 4329 5
363 4272 389 4315 et
408 4282 471 4331 pgg.
490 4279 640 4330 341—344.
660 4283 683 4316 c.
702 4267 804 4316 adnott.

250 4351 278 4418 2)
306 4352 426 4402 Conlerri
453 4353 531 4402 iubeo
557 4353 612 4402 Cic.
638 4354 715 4403 Tuse.
741 4354 809 4419 disp.
832 4365 968 4418 1.12.27;
989 4355 1085 4420 „idque
1102 4354 1150 4421 (sc.
1169 4371 1277 4406 excessu
1296 4357 1365 4407 vitae

221 4452 291 4500 „non
310 4438 347 4486 sic
366 4437 447 4487 deleri
464 4438 606 4505 hominem,
625 4447 654 4488 ut
671 4440 789 4489 funditus
804 4440 933 4507 interiret)
952 4458 1010 4491 eum
1029 4442 1118 4491 multis
1135 4442 1194 4492 aliis
1213 4444 1299 4510 rebus,
1311 4451 1364 4493 tum

221 4539 251 4586 „e
270 4523 405 4588 pontificio
423 4524 478 4573 iure
498 4531 523 4574 et
542 4541 556 4574 e
575 4526 739 4575 caerimoniis
757 4527 935 4592 sepulcrorum
954 4527 1073 4592 intellegi
1082 4527 1152 4594 licet,
1163 4544 1228 4593 quas
1238 4531 1365 4579 maxumis

221 4610 350 4675 „ingeniis
378 4610 489 4675 praediti
516 4628 564 4661 nec
592 4618 665 4662 tanta
693 4629 754 4662 cura
782 4614 925 4665 coluissent
943 4631 991 4665 nec
1010 4614 1120 4679 violatas>
1137 4622 1190 4664 tam
1208 4616 1364 4682 inexpiabili

221 4697 363 4761 „religione
383 4697 540 4765 sanxissent,
559 4699 610 4748 nisi
621 4736 628 4749 .
640 4736 645 4748 .
657 4736 663 4749 .
675 4698 700 4748 .”
720 4699 848 4764 cf.Ve1g.
869 4702 936 4751 Aen.
955 4717 980 4764 4.
990 4712 1042 4765 427
1062 4701 1137 4768 (Bch.
1156 4703 1267 4769 639.1),
1286 4704 1363 4753 Ovid.

217 4783 322 4832 Metam.
346 4797 367 4834 1.
379 4784 439 4848 387.
