<?xml version="1.0" encoding="UTF-8"?>
<!DOCTYPE html PUBLIC "-//W3C//DTD XHTML 1.0 Transitional//EN"
    "http://www.w3.org/TR/xhtml1/DTD/xhtml1-transitional.dtd">
<html xmlns="http://www.w3.org/1999/xhtml" xml:lang="en" lang="en">
 <head>
  <title>
</title>
<meta http-equiv="Content-Type" content="text/html;charset=utf-8" />
  <meta name='ocr-system' content='tesseract 3.04.00' />
  <meta name='ocr-capabilities' content='ocr_page ocr_carea ocr_par ocr_line ocrx_word'/>
</head>
<body>
  <div class='ocr_page' id='page_1' title='image "./quaedehominumpo00bleegoog_0107.png"; bbox 0 0 3134 5476; ppageno 0'>
   <div class='ocr_carea' id='block_1_1' title="bbox 684 358 728 438">
    <p class='ocr_par' dir='ltr' id='par_1_1' title="bbox 684 358 728 438">
     <span class='ocr_line' id='line_1_1' title="bbox 684 358 728 438; baseline 0 0"><span class='ocrx_word' id='word_1_1' title='bbox 684 358 728 438; x_wconf 87' lang='lat'>84</span> 
     </span>
    </p>
   </div>
   <div class='ocr_carea' id='block_1_2' title="bbox 127 534 1276 740">
    <p class='ocr_par' dir='ltr' id='par_1_2' title="bbox 127 534 1276 740">
     <span class='ocr_line' id='line_1_2' title="bbox 127 534 1276 621; baseline 0.002 -23"><span class='ocrx_word' id='word_1_2' title='bbox 127 535 233 599; x_wconf 94' lang='lat' dir='ltr'>titulis</span> <span class='ocrx_word' id='word_1_3' title='bbox 256 537 402 601; x_wconf 86' lang='lat' dir='ltr'>adscribi</span> <span class='ocrx_word' id='word_1_4' title='bbox 422 558 524 621; x_wconf 91' lang='lat' dir='ltr'>saepe</span> <span class='ocrx_word' id='word_1_5' title='bbox 545 539 687 603; x_wconf 93' lang='lat' dir='ltr'>multam</span> <span class='ocrx_word' id='word_1_6' title='bbox 708 534 931 616; x_wconf 78' lang='grc' dir='ltr'><strong><em>τυμβωρύχοις</em></strong></span> <span class='ocrx_word' id='word_1_7' title='bbox 951 537 1164 614; x_wconf 86' lang='lat' dir='ltr'>solvendam,</span> <span class='ocrx_word' id='word_1_8' title='bbox 1186 537 1276 600; x_wconf 93' lang='lat' dir='ltr'>cuius</span> 
     </span>
     <span class='ocr_line' id='line_1_3' title="bbox 127 655 1276 740; baseline 0.003 -24"><span class='ocrx_word' id='word_1_9' title='bbox 127 655 174 718; x_wconf 92' lang='lat' dir='ltr'>rei</span> <span class='ocrx_word' id='word_1_10' title='bbox 210 657 407 739; x_wconf 88' lang='lat' dir='ltr'>exemplum</span> <span class='ocrx_word' id='word_1_11' title='bbox 441 659 475 723; x_wconf 93' lang='lat' dir='ltr'>in</span> <span class='ocrx_word' id='word_1_12' title='bbox 507 659 588 723; x_wconf 90' lang='lat' dir='ltr'>Bch.</span> <span class='ocrx_word' id='word_1_13' title='bbox 621 680 723 723; x_wconf 90' lang='lat' dir='ltr'>carm.</span> <span class='ocrx_word' id='word_1_14' title='bbox 752 659 820 740; x_wconf 84' lang='lat'>456</span> <span class='ocrx_word' id='word_1_15' title='bbox 843 658 1036 740; x_wconf 90' lang='lat' dir='ltr'>subscripto</span> <span class='ocrx_word' id='word_1_16' title='bbox 1061 657 1204 740; x_wconf 88' lang='lat' dir='ltr'>legitur:</span> <span class='ocrx_word' id='word_1_17' title='bbox 1233 658 1276 739; x_wconf 81' lang='lat' dir='ltr'>¹‚si</span> 
     </span>
    </p>
   </div>
   <div class='ocr_carea' id='block_1_3' title="bbox 124 776 1278 1346">
    <p class='ocr_par' dir='ltr' id='par_1_3' title="bbox 124 776 1278 1346">
     <span class='ocr_line' id='line_1_4' title="bbox 130 776 1278 863; baseline 0.001 -24"><span class='ocrx_word' id='word_1_18' title='bbox 130 776 224 858; x_wconf 79' lang='lat' dir='ltr'>„quis</span> <span class='ocrx_word' id='word_1_19' title='bbox 259 798 340 841; x_wconf 89' lang='lat' dir='ltr'>vero</span> <span class='ocrx_word' id='word_1_20' title='bbox 375 779 464 842; x_wconf 90' lang='lat' dir='ltr'>hunc</span> <span class='ocrx_word' id='word_1_21' title='bbox 503 780 714 863; x_wconf 86' lang='lat' dir='ltr'>sarcofagum</span> <span class='ocrx_word' id='word_1_22' title='bbox 755 781 941 863; x_wconf 88' lang='lat' dir='ltr'>aperuerit,</span> <span class='ocrx_word' id='word_1_23' title='bbox 977 778 1101 843; x_wconf 89' lang='lat' dir='ltr'>inferre</span> <span class='ocrx_word' id='word_1_24' title='bbox 1136 778 1278 842; x_wconf 85' lang='lat' dir='ltr'><strong>debebit</strong></span> 
     </span>
     <span class='ocr_line' id='line_1_5' title="bbox 130 895 928 985; baseline 0.006 -27"><span class='ocrx_word' id='word_1_25' title='bbox 130 895 243 981; x_wconf 78' lang='lat' dir='ltr'>„fisc(o</span> <span class='ocrx_word' id='word_1_26' title='bbox 257 946 285 960; x_wconf 89' lang='lat'>..</span> <span class='ocrx_word' id='word_1_27' title='bbox 301 899 406 982; x_wconf 91' lang='lat' dir='ltr'>.a)uri</span> <span class='ocrx_word' id='word_1_28' title='bbox 431 900 570 983; x_wconf 88' lang='lat' dir='ltr'>pondo’&#39;</span> <span class='ocrx_word' id='word_1_29' title='bbox 595 900 720 985; x_wconf 87' lang='lat' dir='ltr'>(cetera</span> <span class='ocrx_word' id='word_1_30' title='bbox 745 901 880 984; x_wconf 84' lang='lat' dir='ltr'>desunt)</span> <span class='ocrx_word' id='word_1_31' title='bbox 895 899 928 984; x_wconf 87' lang='lat'>¹).</span> 
     </span>
     <span class='ocr_line' id='line_1_6' title="bbox 171 1016 1277 1105; baseline 0.001 -26"><span class='ocrx_word' id='word_1_32' title='bbox 171 1016 212 1080; x_wconf 85' lang='lat' dir='ltr'>cs.</span> <span class='ocrx_word' id='word_1_33' title='bbox 237 1018 305 1082; x_wconf 93' lang='lat' dir='ltr'>Kb.</span> <span class='ocrx_word' id='word_1_34' title='bbox 331 1036 406 1103; x_wconf 88' lang='lat'>337,</span> <span class='ocrx_word' id='word_1_35' title='bbox 432 1036 518 1104; x_wconf 83' lang='lat' dir='ltr'>297a</span> <span class='ocrx_word' id='word_1_36' title='bbox 542 1022 576 1085; x_wconf 90' lang='lat' dir='ltr'>in</span> <span class='ocrx_word' id='word_1_37' title='bbox 600 1022 679 1098; x_wconf 93' lang='lat' dir='ltr'>add,</span> <span class='ocrx_word' id='word_1_38' title='bbox 706 1039 780 1105; x_wconf 89' lang='lat'>339,</span> <span class='ocrx_word' id='word_1_39' title='bbox 807 1039 881 1105; x_wconf 88' lang='lat'>393,</span> <span class='ocrx_word' id='word_1_40' title='bbox 908 1021 982 1102; x_wconf 86' lang='lat'>356,</span> <span class='ocrx_word' id='word_1_41' title='bbox 1011 1034 1084 1102; x_wconf 85' lang='lat'><strong>520,</strong></span> <span class='ocrx_word' id='word_1_42' title='bbox 1104 1035 1179 1103; x_wconf 85' lang='lat'>712,</span> <span class='ocrx_word' id='word_1_43' title='bbox 1204 1034 1277 1102; x_wconf 86' lang='lat'><strong>229.</strong></span> 
     </span>
     <span class='ocr_line' id='line_1_7' title="bbox 171 1139 1277 1226; baseline 0.003 -26"><span class='ocrx_word' id='word_1_44' title='bbox 171 1139 224 1201; x_wconf 91' lang='lat' dir='ltr'>De</span> <span class='ocrx_word' id='word_1_45' title='bbox 248 1139 362 1202; x_wconf 93' lang='lat' dir='ltr'>multis</span> <span class='ocrx_word' id='word_1_46' title='bbox 386 1141 609 1206; x_wconf 92' lang='lat' dir='ltr'>violationum</span> <span class='ocrx_word' id='word_1_47' title='bbox 633 1142 674 1206; x_wconf 86' lang='lat' dir='ltr'>cf.</span> <span class='ocrx_word' id='word_1_48' title='bbox 700 1144 831 1206; x_wconf 89' lang='lat' dir='ltr'>Dessau</span> <span class='ocrx_word' id='word_1_49' title='bbox 856 1144 944 1226; x_wconf 90' lang='lat'>8209</span> <span class='ocrx_word' id='word_1_50' title='bbox 967 1162 1054 1225; x_wconf 70' lang='lat' dir='ltr'>sqq„</span> <span class='ocrx_word' id='word_1_51' title='bbox 1075 1141 1101 1204; x_wconf 93' lang='grc' dir='ltr'>Ι.</span> <span class='ocrx_word' id='word_1_52' title='bbox 1116 1139 1157 1204; x_wconf 90' lang='lat' dir='ltr'>G.</span> <span class='ocrx_word' id='word_1_53' title='bbox 1171 1141 1213 1204; x_wconf 90' lang='lat' dir='ltr'>R.</span> <span class='ocrx_word' id='word_1_54' title='bbox 1227 1140 1277 1204; x_wconf 96' lang='grc' dir='ltr'>ΙΙΙ</span> 
     </span>
     <span class='ocr_line' id='line_1_8' title="bbox 124 1257 1009 1346; baseline 0.006 -26"><span class='ocrx_word' id='word_1_55' title='bbox 124 1257 201 1334; x_wconf 90' lang='lat'><strong>661,</strong></span> <span class='ocrx_word' id='word_1_56' title='bbox 227 1259 301 1340; x_wconf 88' lang='lat'><em>804,</em></span> <span class='ocrx_word' id='word_1_57' title='bbox 327 1261 402 1342; x_wconf 85' lang='lat'><strong>805,</strong></span> <span class='ocrx_word' id='word_1_58' title='bbox 428 1263 504 1341; x_wconf 86' lang='lat'><em>806,</em></span> <span class='ocrx_word' id='word_1_59' title='bbox 528 1264 603 1346; x_wconf 90' lang='lat'><em>807,</em></span> <span class='ocrx_word' id='word_1_60' title='bbox 629 1264 705 1340; x_wconf 89' lang='lat'>811,</span> <span class='ocrx_word' id='word_1_61' title='bbox 731 1265 806 1345; x_wconf 86' lang='lat'>823,</span> <span class='ocrx_word' id='word_1_62' title='bbox 832 1264 907 1343; x_wconf 84' lang='lat'>841,</span> <span class='ocrx_word' id='word_1_63' title='bbox 932 1264 1009 1343; x_wconf 87' lang='lat'><strong>842.</strong></span> 
     </span>
    </p>
   </div>
   <div class='ocr_carea' id='block_1_4' title="bbox 604 1481 795 1492">
    <p class='ocr_par' dir='ltr' id='par_1_4' title="bbox 604 1481 795 1492">
     <span class='ocr_line' id='line_1_9' title="bbox 604 1481 795 1492; baseline 0 0"><span class='ocrx_word' id='word_1_64' title='bbox 604 1481 795 1492; x_wconf 56' lang='grc' dir='ltr'>-υ--ι-ια</span> 
     </span>
    </p>
   </div>
   <div class='ocr_carea' id='block_1_5' title="bbox 122 1671 1278 3678">
    <p class='ocr_par' dir='ltr' id='par_1_5' title="bbox 124 1671 1277 1991">
     <span class='ocr_line' id='line_1_10' title="bbox 169 1671 1277 1755; baseline 0 -21"><span class='ocrx_word' id='word_1_65' title='bbox 169 1671 230 1734; x_wconf 90' lang='lat' dir='ltr'>IV.</span> <span class='ocrx_word' id='word_1_66' title='bbox 268 1671 497 1737; x_wconf 88' lang='lat' dir='ltr'>Usitatissima</span> <span class='ocrx_word' id='word_1_67' title='bbox 531 1673 565 1736; x_wconf 96' lang='lat' dir='ltr'>in</span> <span class='ocrx_word' id='word_1_68' title='bbox 600 1673 707 1736; x_wconf 94' lang='lat' dir='ltr'>titulis</span> <span class='ocrx_word' id='word_1_69' title='bbox 742 1673 847 1737; x_wconf 89' lang='lat' dir='ltr'>verba</span> <span class='ocrx_word' id='word_1_70' title='bbox 878 1673 1038 1755; x_wconf 84' lang='lat' dir='ltr'>leguntur</span> <span class='ocrx_word' id='word_1_71' title='bbox 1070 1691 1120 1745; x_wconf 91' lang='lat' dir='ltr'>ea,</span> <span class='ocrx_word' id='word_1_72' title='bbox 1153 1671 1277 1754; x_wconf 90' lang='lat' dir='ltr'>quibus</span> 
     </span>
     <span class='ocr_line' id='line_1_11' title="bbox 124 1791 1277 1877; baseline 0.002 -25"><span class='ocrx_word' id='word_1_73' title='bbox 124 1798 307 1872; x_wconf 88' lang='lat' dir='ltr'>exoptatur</span> <span class='ocrx_word' id='word_1_74' title='bbox 331 1793 483 1869; x_wconf 88' lang='lat' dir='ltr'>mortuis,</span> <span class='ocrx_word' id='word_1_75' title='bbox 509 1801 545 1855; x_wconf 93' lang='lat' dir='ltr'>ut</span> <span class='ocrx_word' id='word_1_76' title='bbox 563 1793 609 1857; x_wconf 82' lang='lat' dir='ltr'>sit</span> <span class='ocrx_word' id='word_1_77' title='bbox 627 1794 671 1856; x_wconf 81' lang='lat' dir='ltr'>iis</span> <span class='ocrx_word' id='word_1_78' title='bbox 690 1806 786 1858; x_wconf 83' lang='lat' dir='ltr'>terra</span> <span class='ocrx_word' id='word_1_79' title='bbox 805 1794 895 1869; x_wconf 79' lang='lat' dir='ltr'>levis,</span> <span class='ocrx_word' id='word_1_80' title='bbox 909 1802 947 1857; x_wconf 92' lang='lat' dir='ltr'>ut</span> <span class='ocrx_word' id='word_1_81' title='bbox 959 1804 1059 1877; x_wconf 85' lang='lat' dir='ltr'>super</span> <span class='ocrx_word' id='word_1_82' title='bbox 1072 1812 1146 1856; x_wconf 86' lang='lat' dir='ltr'>ossa</span> <span class='ocrx_word' id='word_1_83' title='bbox 1158 1791 1277 1855; x_wconf 81' lang='lat' dir='ltr'>leviter</span> 
     </span>
     <span class='ocr_line' id='line_1_12' title="bbox 125 1910 601 1991; baseline 0.008 -18"><span class='ocrx_word' id='word_1_84' title='bbox 125 1910 270 1991; x_wconf 83' lang='lat' dir='ltr'>quiescat</span> <span class='ocrx_word' id='word_1_85' title='bbox 292 1933 319 1974; x_wconf 91' lang='lat' dir='ltr'>s.</span> <span class='ocrx_word' id='word_1_86' title='bbox 345 1913 473 1977; x_wconf 83' lang='lat' dir='ltr'>residat</span> <span class='ocrx_word' id='word_1_87' title='bbox 496 1925 601 1977; x_wconf 83' lang='lat' dir='ltr'>terra.</span> 
     </span>
    </p>

    <p class='ocr_par' dir='ltr' id='par_1_6' title="bbox 122 2028 1278 2838">
     <span class='ocr_line' id='line_1_13' title="bbox 169 2028 1278 2115; baseline 0.001 -23"><span class='ocrx_word' id='word_1_88' title='bbox 169 2028 290 2113; x_wconf 84' lang='lat' dir='ltr'>Qualia</span> <span class='ocrx_word' id='word_1_89' title='bbox 314 2032 419 2096; x_wconf 89' lang='lat' dir='ltr'>verba</span> <span class='ocrx_word' id='word_1_90' title='bbox 442 2032 643 2096; x_wconf 89' lang='lat' dir='ltr'>confirmare</span> <span class='ocrx_word' id='word_1_91' title='bbox 668 2034 749 2096; x_wconf 93' lang='lat' dir='ltr'>mihi</span> <span class='ocrx_word' id='word_1_92' title='bbox 774 2033 932 2097; x_wconf 90' lang='lat' dir='ltr'>videntur</span> <span class='ocrx_word' id='word_1_93' title='bbox 955 2032 1153 2115; x_wconf 89' lang='lat' dir='ltr'>opinionem</span> <span class='ocrx_word' id='word_1_94' title='bbox 1174 2051 1278 2114; x_wconf 91' lang='lat' dir='ltr'>supra</span> 
     </span>
     <span class='ocr_line' id='line_1_14' title="bbox 124 2152 1277 2237; baseline 0.003 -25"><span class='ocrx_word' id='word_1_95' title='bbox 124 2161 357 2217; x_wconf 90' lang='lat' dir='ltr'>memoratam.</span> <span class='ocrx_word' id='word_1_96' title='bbox 383 2152 473 2237; x_wconf 84' lang='lat' dir='ltr'>Quid</span> <span class='ocrx_word' id='word_1_97' title='bbox 498 2156 590 2217; x_wconf 93' lang='lat' dir='ltr'>enim</span> <span class='ocrx_word' id='word_1_98' title='bbox 610 2154 851 2237; x_wconf 86' lang='lat' dir='ltr'>significarent,</span> <span class='ocrx_word' id='word_1_99' title='bbox 873 2155 936 2218; x_wconf 94' lang='lat' dir='ltr'>nisi</span> <span class='ocrx_word' id='word_1_100' title='bbox 949 2153 1007 2236; x_wconf 95' lang='lat' dir='ltr'>qui</span> <span class='ocrx_word' id='word_1_101' title='bbox 1020 2154 1277 2217; x_wconf 88' lang='lat' dir='ltr'>conscriberent</span> 
     </span>
     <span class='ocr_line' id='line_1_15' title="bbox 123 2272 1277 2357; baseline 0.002 -24"><span class='ocrx_word' id='word_1_102' title='bbox 123 2279 159 2334; x_wconf 91' lang='lat' dir='ltr'>et</span> <span class='ocrx_word' id='word_1_103' title='bbox 182 2272 273 2355; x_wconf 93' lang='lat' dir='ltr'>ipsos</span> <span class='ocrx_word' id='word_1_104' title='bbox 297 2273 496 2337; x_wconf 88' lang='lat' dir='ltr'>adduxisset</span> <span class='ocrx_word' id='word_1_105' title='bbox 520 2275 604 2339; x_wconf 91' lang='lat' dir='ltr'>haec</span> <span class='ocrx_word' id='word_1_106' title='bbox 624 2275 720 2350; x_wconf 90' lang='lat' dir='ltr'>ratio,</span> <span class='ocrx_word' id='word_1_107' title='bbox 742 2275 834 2357; x_wconf 90' lang='lat' dir='ltr'>quod</span> <span class='ocrx_word' id='word_1_108' title='bbox 846 2275 880 2337; x_wconf 93' lang='lat' dir='ltr'>in</span> <span class='ocrx_word' id='word_1_109' title='bbox 894 2275 976 2356; x_wconf 90' lang='lat' dir='ltr'>ipsis</span> <span class='ocrx_word' id='word_1_110' title='bbox 987 2273 1150 2356; x_wconf 90' lang='lat' dir='ltr'>sepulcris</span> <span class='ocrx_word' id='word_1_111' title='bbox 1162 2279 1277 2335; x_wconf 91' lang='lat' dir='ltr'>essent</span> 
     </span>
     <span class='ocr_line' id='line_1_16' title="bbox 123 2392 1277 2478; baseline 0.002 -24"><span class='ocrx_word' id='word_1_112' title='bbox 123 2392 257 2457; x_wconf 88' lang='lat' dir='ltr'>animae</span> <span class='ocrx_word' id='word_1_113' title='bbox 280 2414 381 2457; x_wconf 90' lang='lat' dir='ltr'>sensu</span> <span class='ocrx_word' id='word_1_114' title='bbox 405 2395 591 2477; x_wconf 89' lang='lat' dir='ltr'>praeditae,</span> <span class='ocrx_word' id='word_1_115' title='bbox 615 2416 699 2478; x_wconf 89' lang='lat' dir='ltr'>quas</span> <span class='ocrx_word' id='word_1_116' title='bbox 723 2403 834 2459; x_wconf 89' lang='lat' dir='ltr'>terrae</span> <span class='ocrx_word' id='word_1_117' title='bbox 858 2394 913 2458; x_wconf 92' lang='lat' dir='ltr'>vel</span> <span class='ocrx_word' id='word_1_118' title='bbox 936 2394 1023 2478; x_wconf 94' lang='lat' dir='ltr'>lapis</span> <span class='ocrx_word' id='word_1_119' title='bbox 1046 2415 1131 2458; x_wconf 93' lang='lat' dir='ltr'>onus</span> <span class='ocrx_word' id='word_1_120' title='bbox 1159 2401 1277 2477; x_wconf 93' lang='lat' dir='ltr'>posset</span> 
     </span>
     <span class='ocr_line' id='line_1_17' title="bbox 123 2511 1277 2598; baseline 0 -23"><span class='ocrx_word' id='word_1_121' title='bbox 123 2512 285 2596; x_wconf 86' lang='lat' dir='ltr'>gravare?</span> <span class='ocrx_word' id='word_1_122' title='bbox 299 2511 324 2597; x_wconf 81' lang='lat'>²)</span> <span class='ocrx_word' id='word_1_123' title='bbox 348 2515 427 2578; x_wconf 94' lang='lat' dir='ltr'>Non</span> <span class='ocrx_word' id='word_1_124' title='bbox 452 2535 571 2579; x_wconf 89' lang='lat' dir='ltr'>omnes</span> <span class='ocrx_word' id='word_1_125' title='bbox 596 2516 658 2580; x_wconf 93' lang='lat' dir='ltr'>hac</span> <span class='ocrx_word' id='word_1_126' title='bbox 679 2516 841 2598; x_wconf 93' lang='lat' dir='ltr'>opinione</span> <span class='ocrx_word' id='word_1_127' title='bbox 862 2517 984 2580; x_wconf 92' lang='lat' dir='ltr'>ductos</span> <span class='ocrx_word' id='word_1_128' title='bbox 1004 2514 1085 2578; x_wconf 89' lang='lat' dir='ltr'>talia</span> <span class='ocrx_word' id='word_1_129' title='bbox 1105 2515 1277 2595; x_wconf 91' lang='lat' dir='ltr'>conscrip-</span> 
     </span>
     <span class='ocr_line' id='line_1_18' title="bbox 122 2634 1276 2717; baseline 0.001 -22"><span class='ocrx_word' id='word_1_130' title='bbox 122 2635 204 2696; x_wconf 90' lang='lat' dir='ltr'>sisse</span> <span class='ocrx_word' id='word_1_131' title='bbox 228 2634 380 2717; x_wconf 93' lang='lat' dir='ltr'>aliosque</span> <span class='ocrx_word' id='word_1_132' title='bbox 403 2644 441 2699; x_wconf 91' lang='lat' dir='ltr'>ut</span> <span class='ocrx_word' id='word_1_133' title='bbox 460 2657 541 2699; x_wconf 89' lang='lat' dir='ltr'>sane</span> <span class='ocrx_word' id='word_1_134' title='bbox 561 2636 633 2699; x_wconf 91' lang='lat' dir='ltr'>fieri</span> <span class='ocrx_word' id='word_1_135' title='bbox 647 2635 743 2712; x_wconf 91' lang='lat' dir='ltr'>solet,</span> <span class='ocrx_word' id='word_1_136' title='bbox 757 2637 840 2700; x_wconf 88' lang='lat' dir='ltr'>alios</span> <span class='ocrx_word' id='word_1_137' title='bbox 853 2636 1005 2700; x_wconf 91' lang='lat' dir='ltr'>imitatos</span> <span class='ocrx_word' id='word_1_138' title='bbox 1017 2656 1090 2698; x_wconf 89' lang='lat' dir='ltr'>esse</span> <span class='ocrx_word' id='word_1_139' title='bbox 1104 2634 1276 2710; x_wconf 89' lang='lat' dir='ltr'>concedo;</span> 
     </span>
     <span class='ocr_line' id='line_1_19' title="bbox 122 2751 1230 2838; baseline -0.001 -21"><span class='ocrx_word' id='word_1_140' title='bbox 122 2762 256 2817; x_wconf 88' lang='lat' dir='ltr'>constat</span> <span class='ocrx_word' id='word_1_141' title='bbox 281 2776 362 2819; x_wconf 92' lang='lat' dir='ltr'>vero</span> <span class='ocrx_word' id='word_1_142' title='bbox 386 2755 467 2819; x_wconf 89' lang='lat' dir='ltr'>talia</span> <span class='ocrx_word' id='word_1_143' title='bbox 491 2757 595 2820; x_wconf 89' lang='lat' dir='ltr'>verba</span> <span class='ocrx_word' id='word_1_144' title='bbox 619 2757 789 2819; x_wconf 89' lang='lat' dir='ltr'>sententia</span> <span class='ocrx_word' id='word_1_145' title='bbox 813 2757 980 2820; x_wconf 92' lang='lat' dir='ltr'>eiusmodi</span> <span class='ocrx_word' id='word_1_146' title='bbox 1005 2765 1085 2819; x_wconf 89' lang='lat' dir='ltr'>nata</span> <span class='ocrx_word' id='word_1_147' title='bbox 1106 2776 1179 2818; x_wconf 92' lang='lat' dir='ltr'>esse</span> <span class='ocrx_word' id='word_1_148' title='bbox 1194 2751 1230 2838; x_wconf 82' lang='lat'>³).</span> 
     </span>
    </p>

    <p class='ocr_par' dir='ltr' id='par_1_7' title="bbox 166 2873 1008 2959">
     <span class='ocr_line' id='line_1_20' title="bbox 166 2873 1008 2959; baseline 0.001 -22"><span class='ocrx_word' id='word_1_149' title='bbox 166 2875 357 2938; x_wconf 90' lang='lat' dir='ltr'>Tritissima</span> <span class='ocrx_word' id='word_1_150' title='bbox 380 2884 432 2938; x_wconf 91' lang='lat' dir='ltr'>est</span> <span class='ocrx_word' id='word_1_151' title='bbox 455 2875 582 2939; x_wconf 88' lang='lat' dir='ltr'>forma:</span> <span class='ocrx_word' id='word_1_152' title='bbox 606 2877 650 2938; x_wconf 90' lang='lat' dir='ltr'>sit</span> <span class='ocrx_word' id='word_1_153' title='bbox 674 2876 736 2939; x_wconf 88' lang='lat' dir='ltr'>tibi</span> <span class='ocrx_word' id='word_1_154' title='bbox 760 2884 851 2939; x_wconf 88' lang='lat' dir='ltr'>terra</span> <span class='ocrx_word' id='word_1_155' title='bbox 874 2876 959 2939; x_wconf 92' lang='lat' dir='ltr'>levis</span> <span class='ocrx_word' id='word_1_156' title='bbox 972 2873 1008 2959; x_wconf 77' lang='lat'>⁴).</span> 
     </span>
    </p>

    <p class='ocr_par' dir='ltr' id='par_1_8' title="bbox 122 2995 1274 3678">
     <span class='ocr_line' id='line_1_21' title="bbox 123 2995 1273 3080; baseline 0 -22"><span class='ocrx_word' id='word_1_157' title='bbox 123 2996 203 3059; x_wconf 90' lang='lat' dir='ltr'>Bch.</span> <span class='ocrx_word' id='word_1_158' title='bbox 216 3011 300 3077; x_wconf 84' lang='lat'>451:</span> <span class='ocrx_word' id='word_1_159' title='bbox 324 2998 368 3059; x_wconf 91' lang='lat' dir='ltr'>sit</span> <span class='ocrx_word' id='word_1_160' title='bbox 391 2997 454 3060; x_wconf 93' lang='lat' dir='ltr'>tibi</span> <span class='ocrx_word' id='word_1_161' title='bbox 478 3005 568 3060; x_wconf 91' lang='lat' dir='ltr'>terra</span> <span class='ocrx_word' id='word_1_162' title='bbox 591 2996 685 3072; x_wconf 91' lang='lat' dir='ltr'>levis,</span> <span class='ocrx_word' id='word_1_163' title='bbox 711 2997 842 3060; x_wconf 89' lang='lat' dir='ltr'>cineres</span> <span class='ocrx_word' id='word_1_164' title='bbox 854 3017 992 3080; x_wconf 91' lang='lat' dir='ltr'>quoque</span> <span class='ocrx_word' id='word_1_165' title='bbox 1005 2995 1088 3060; x_wconf 91' lang='lat' dir='ltr'>flore</span> <span class='ocrx_word' id='word_1_166' title='bbox 1101 3003 1273 3078; x_wconf 84' lang='lat' dir='ltr'>tegantur.</span> 
     </span>
     <span class='ocr_line' id='line_1_22' title="bbox 123 3115 1131 3200; baseline -0.001 -22"><span class='ocrx_word' id='word_1_167' title='bbox 123 3116 203 3178; x_wconf 88' lang='lat' dir='ltr'>Bch.</span> <span class='ocrx_word' id='word_1_168' title='bbox 227 3115 338 3200; x_wconf 84' lang='lat' dir='ltr'><strong>995A</strong></span> <span class='ocrx_word' id='word_1_169' title='bbox 362 3115 408 3199; x_wconf 91' lang='lat' dir='ltr'>(in</span> <span class='ocrx_word' id='word_1_170' title='bbox 432 3116 578 3199; x_wconf 86' lang='lat' dir='ltr'>dialog0,</span> <span class='ocrx_word' id='word_1_171' title='bbox 603 3125 756 3181; x_wconf 92' lang='lat' dir='ltr'>mortuae</span> <span class='ocrx_word' id='word_1_172' title='bbox 780 3117 967 3199; x_wconf 89' lang='lat' dir='ltr'>respondet</span> <span class='ocrx_word' id='word_1_173' title='bbox 991 3116 1131 3199; x_wconf 90' lang='lat' dir='ltr'>viator):</span> 
     </span>
     <span class='ocr_line' id='line_1_23' title="bbox 321 3236 1143 3319; baseline 0.004 -21"><span class='ocrx_word' id='word_1_174' title='bbox 321 3236 365 3299; x_wconf 91' lang='lat' dir='ltr'>sit</span> <span class='ocrx_word' id='word_1_175' title='bbox 389 3236 451 3299; x_wconf 91' lang='lat' dir='ltr'>tibi</span> <span class='ocrx_word' id='word_1_176' title='bbox 475 3245 565 3301; x_wconf 88' lang='lat' dir='ltr'>terra</span> <span class='ocrx_word' id='word_1_177' title='bbox 588 3237 682 3313; x_wconf 91' lang='lat' dir='ltr'>levis,</span> <span class='ocrx_word' id='word_1_178' title='bbox 707 3237 827 3301; x_wconf 91' lang='lat' dir='ltr'>mulier</span> <span class='ocrx_word' id='word_1_179' title='bbox 852 3237 1049 3319; x_wconf 84' lang='lat' dir='ltr'>dignissima</span> <span class='ocrx_word' id='word_1_180' title='bbox 1073 3237 1143 3301; x_wconf 92' lang='lat' dir='ltr'>vita</span> 
     </span>
     <span class='ocr_line' id='line_1_24' title="bbox 323 3356 1041 3441; baseline 0.001 -23"><span class='ocrx_word' id='word_1_181' title='bbox 323 3376 479 3438; x_wconf 91' lang='lat' dir='ltr'>quaeque</span> <span class='ocrx_word' id='word_1_182' title='bbox 503 3357 570 3419; x_wconf 91' lang='lat' dir='ltr'>tuis</span> <span class='ocrx_word' id='word_1_183' title='bbox 593 3356 673 3420; x_wconf 93' lang='lat' dir='ltr'>olim</span> <span class='ocrx_word' id='word_1_184' title='bbox 699 3356 908 3441; x_wconf 81' lang='lat' dir='ltr'>perfruerere</span> <span class='ocrx_word' id='word_1_185' title='bbox 933 3357 1041 3420; x_wconf 90' lang='lat' dir='ltr'>bonis.</span> 
     </span>
     <span class='ocr_line' id='line_1_25' title="bbox 122 3474 1274 3560; baseline 0.003 -23"><span class='ocrx_word' id='word_1_186' title='bbox 122 3475 202 3538; x_wconf 92' lang='lat' dir='ltr'>Bch.</span> <span class='ocrx_word' id='word_1_187' title='bbox 221 3491 321 3554; x_wconf 89' lang='lat'>1040:</span> <span class='ocrx_word' id='word_1_188' title='bbox 346 3475 411 3539; x_wconf 94' lang='lat' dir='ltr'>hoc</span> <span class='ocrx_word' id='word_1_189' title='bbox 432 3474 571 3540; x_wconf 86' lang='lat' dir='ltr'>Stabilis</span> <span class='ocrx_word' id='word_1_190' title='bbox 590 3484 668 3538; x_wconf 92' lang='lat' dir='ltr'>tuus</span> <span class='ocrx_word' id='word_1_191' title='bbox 680 3476 766 3538; x_wconf 90' lang='lat' dir='ltr'>eheu</span> <span class='ocrx_word' id='word_1_192' title='bbox 779 3497 848 3559; x_wconf 93' lang='lat' dir='ltr'>quo</span> <span class='ocrx_word' id='word_1_193' title='bbox 862 3497 1000 3559; x_wconf 90' lang='lat' dir='ltr'>possum</span> <span class='ocrx_word' id='word_1_194' title='bbox 1012 3497 1153 3540; x_wconf 91' lang='lat' dir='ltr'>munere</span> <span class='ocrx_word' id='word_1_195' title='bbox 1165 3498 1274 3560; x_wconf 89' lang='lat' dir='ltr'>parvo</span> 
     </span>
     <span class='ocr_line' id='line_1_26' title="bbox 388 3596 1216 3678; baseline 0.002 -20"><span class='ocrx_word' id='word_1_196' title='bbox 388 3616 576 3678; x_wconf 89' lang='lat' dir='ltr'>prosequor</span> <span class='ocrx_word' id='word_1_197' title='bbox 598 3604 701 3678; x_wconf 90' lang='lat' dir='ltr'>atque</span> <span class='ocrx_word' id='word_1_198' title='bbox 726 3604 828 3678; x_wconf 88' lang='lat' dir='ltr'>opto:</span> <span class='ocrx_word' id='word_1_199' title='bbox 852 3596 896 3658; x_wconf 90' lang='lat' dir='ltr'>sit</span> <span class='ocrx_word' id='word_1_200' title='bbox 920 3597 982 3660; x_wconf 93' lang='lat' dir='ltr'>tibi</span> <span class='ocrx_word' id='word_1_201' title='bbox 1007 3604 1097 3659; x_wconf 92' lang='lat' dir='ltr'>terra</span> <span class='ocrx_word' id='word_1_202' title='bbox 1120 3597 1216 3660; x_wconf 88' lang='lat' dir='ltr'>levis.</span> 
     </span>
    </p>
   </div>
   <div class='ocr_carea' id='block_1_6' title="bbox 150 3897 1270 4827">
    <p class='ocr_par' dir='ltr' id='par_1_9' title="bbox 150 3897 1270 4827">
     <span class='ocr_line' id='line_1_27' title="bbox 154 3897 583 3968; baseline -0.007 -17"><span class='ocrx_word' id='word_1_203' title='bbox 154 3901 180 3968; x_wconf 90' lang='lat'>1)</span> <span class='ocrx_word' id='word_1_204' title='bbox 199 3901 365 3951; x_wconf 89' lang='lat' dir='ltr'>Simillimum</span> <span class='ocrx_word' id='word_1_205' title='bbox 383 3899 485 3949; x_wconf 85' lang='lat' dir='ltr'>Dessau</span> <span class='ocrx_word' id='word_1_206' title='bbox 504 3897 583 3949; x_wconf 89' lang='lat'>8102.</span> 
     </span>
     <span class='ocr_line' id='line_1_28' title="bbox 151 3985 1199 4054; baseline 0.004 -17"><span class='ocrx_word' id='word_1_207' title='bbox 151 3987 180 4054; x_wconf 89' lang='lat'>2)</span> <span class='ocrx_word' id='word_1_208' title='bbox 198 3989 230 4037; x_wconf 86' lang='lat' dir='ltr'>In</span> <span class='ocrx_word' id='word_1_209' title='bbox 250 3988 404 4037; x_wconf 85' lang='lat' dir='ltr'>Christianis</span> <span class='ocrx_word' id='word_1_210' title='bbox 424 3985 506 4036; x_wconf 87' lang='lat' dir='ltr'>titulis</span> <span class='ocrx_word' id='word_1_211' title='bbox 526 4002 579 4035; x_wconf 91' lang='lat' dir='ltr'>non</span> <span class='ocrx_word' id='word_1_212' title='bbox 598 3986 721 4050; x_wconf 86' lang='lat' dir='ltr'>leguntur</span> <span class='ocrx_word' id='word_1_213' title='bbox 740 3987 828 4053; x_wconf 80' lang='lat' dir='ltr'>verba,</span> <span class='ocrx_word' id='word_1_214' title='bbox 847 4002 900 4052; x_wconf 92' lang='lat' dir='ltr'>quo</span> <span class='ocrx_word' id='word_1_215' title='bbox 920 3989 1082 4052; x_wconf 89' lang='lat' dir='ltr'>probabilior</span> <span class='ocrx_word' id='word_1_216' title='bbox 1102 3989 1129 4038; x_wconf 87' lang='lat' dir='ltr'>fit</span> <span class='ocrx_word' id='word_1_217' title='bbox 1149 4006 1199 4041; x_wconf 89' lang='lat' dir='ltr'>res.</span> 
     </span>
     <span class='ocr_line' id='line_1_29' title="bbox 151 4073 983 4142; baseline 0.001 -18"><span class='ocrx_word' id='word_1_218' title='bbox 151 4075 180 4142; x_wconf 89' lang='lat'>3)</span> <span class='ocrx_word' id='word_1_219' title='bbox 198 4075 230 4125; x_wconf 82' lang='lat' dir='ltr'>cf.</span> <span class='ocrx_word' id='word_1_220' title='bbox 251 4076 313 4124; x_wconf 86' lang='lat' dir='ltr'>Bch.</span> <span class='ocrx_word' id='word_1_221' title='bbox 332 4086 399 4138; x_wconf 86' lang='lat'>473:</span> <span class='ocrx_word' id='word_1_222' title='bbox 419 4073 525 4141; x_wconf 89' lang='lat' dir='ltr'>(memet</span> <span class='ocrx_word' id='word_1_223' title='bbox 545 4073 644 4140; x_wconf 88' lang='lat' dir='ltr'>superi)</span> <span class='ocrx_word' id='word_1_224' title='bbox 663 4074 763 4124; x_wconf 88' lang='lat' dir='ltr'>tumulo</span> <span class='ocrx_word' id='word_1_225' title='bbox 784 4075 883 4124; x_wconf 89' lang='lat' dir='ltr'>clusere</span> <span class='ocrx_word' id='word_1_226' title='bbox 902 4077 983 4140; x_wconf 84' lang='lat' dir='ltr'>gravi.</span> 
     </span>
     <span class='ocr_line' id='line_1_30' title="bbox 151 4161 1193 4231; baseline 0.005 -19"><span class='ocrx_word' id='word_1_227' title='bbox 151 4164 187 4212; x_wconf 82' lang='lat' dir='ltr'>At</span> <span class='ocrx_word' id='word_1_228' title='bbox 205 4169 297 4212; x_wconf 87' lang='lat' dir='ltr'>contra</span> <span class='ocrx_word' id='word_1_229' title='bbox 314 4162 376 4211; x_wconf 91' lang='lat' dir='ltr'>Bch.</span> <span class='ocrx_word' id='word_1_230' title='bbox 395 4171 462 4225; x_wconf 87' lang='lat'>453:</span> <span class='ocrx_word' id='word_1_231' title='bbox 481 4177 536 4209; x_wconf 91' lang='lat' dir='ltr'>non</span> <span class='ocrx_word' id='word_1_232' title='bbox 554 4161 641 4224; x_wconf 85' lang='lat' dir='ltr'>gravis</span> <span class='ocrx_word' id='word_1_233' title='bbox 659 4161 702 4210; x_wconf 92' lang='lat' dir='ltr'>hic</span> <span class='ocrx_word' id='word_1_234' title='bbox 722 4163 786 4212; x_wconf 86' lang='lat' dir='ltr'>texit</span> <span class='ocrx_word' id='word_1_235' title='bbox 805 4163 918 4212; x_wconf 91' lang='lat' dir='ltr'>tumulus</span> <span class='ocrx_word' id='word_1_236' title='bbox 938 4171 972 4230; x_wconf 81' lang='lat' dir='ltr'>te,</span> <span class='ocrx_word' id='word_1_237' title='bbox 991 4165 1089 4215; x_wconf 86' lang='lat' dir='ltr'>Punica</span> <span class='ocrx_word' id='word_1_238' title='bbox 1109 4167 1193 4231; x_wconf 86' lang='lat' dir='ltr'>virgo.</span> 
     </span>
     <span class='ocr_line' id='line_1_31' title="bbox 310 4247 893 4311; baseline 0 -13"><span class='ocrx_word' id='word_1_239' title='bbox 310 4249 373 4299; x_wconf 90' lang='lat' dir='ltr'>Bch.</span> <span class='ocrx_word' id='word_1_240' title='bbox 392 4259 460 4311; x_wconf 82' lang='lat'>477:</span> <span class='ocrx_word' id='word_1_241' title='bbox 481 4255 519 4297; x_wconf 88' lang='lat' dir='ltr'>est</span> <span class='ocrx_word' id='word_1_242' title='bbox 537 4247 601 4296; x_wconf 91' lang='lat' dir='ltr'>mihi</span> <span class='ocrx_word' id='word_1_243' title='bbox 621 4253 689 4296; x_wconf 84' lang='lat' dir='ltr'>terra</span> <span class='ocrx_word' id='word_1_244' title='bbox 706 4248 773 4298; x_wconf 88' lang='lat' dir='ltr'>levis</span> <span class='ocrx_word' id='word_1_245' title='bbox 791 4249 893 4299; x_wconf 90' lang='lat' dir='ltr'>merito.</span> 
     </span>
     <span class='ocr_line' id='line_1_32' title="bbox 223 4324 1241 4399; baseline 0.003 -14"><span class='ocrx_word' id='word_1_246' title='bbox 223 4337 255 4386; x_wconf 86' lang='lat' dir='ltr'>A.</span> <span class='ocrx_word' id='word_1_247' title='bbox 265 4337 293 4386; x_wconf 89' lang='lat' dir='ltr'>P.</span> <span class='ocrx_word' id='word_1_248' title='bbox 313 4337 366 4385; x_wconf 90' lang='lat' dir='ltr'>VII</span> <span class='ocrx_word' id='word_1_249' title='bbox 384 4334 451 4399; x_wconf 85' lang='lat'><strong>658:</strong></span> <span class='ocrx_word' id='word_1_250' title='bbox 472 4371 484 4399; x_wconf 84' lang='lat'>„</span> <span class='ocrx_word' id='word_1_251' title='bbox 488 4330 600 4394; x_wconf 77' lang='grc' dir='ltr'><strong><em>χαιρέτω</em></strong></span> <span class='ocrx_word' id='word_1_252' title='bbox 618 4324 691 4390; x_wconf 75' lang='grc' dir='ltr'><strong><em>οὗτος</em></strong></span> <span class='ocrx_word' id='word_1_253' title='bbox 709 4332 722 4381; x_wconf 79' lang='grc' dir='ltr'><strong><em>ὁ</em></strong></span> <span class='ocrx_word' id='word_1_254' title='bbox 739 4332 864 4395; x_wconf 78' lang='grc' dir='ltr'>τύμβος”,</span> <span class='ocrx_word' id='word_1_255' title='bbox 881 4330 951 4396; x_wconf 74' lang='grc' dir='ltr'>ἐρεῖς,</span> <span class='ocrx_word' id='word_1_256' title='bbox 970 4331 1042 4392; x_wconf 65' lang='grc' dir='ltr'><strong>,ἐπεὶ</strong></span> <span class='ocrx_word' id='word_1_257' title='bbox 1057 4334 1241 4398; x_wconf 75' lang='grc' dir='ltr'>Εὐρυμέδοντος</span> 
     </span>
     <span class='ocr_line' id='line_1_33' title="bbox 550 4417 1120 4484; baseline 0.012 -18"><span class='ocrx_word' id='word_1_258' title='bbox 550 4421 632 4467; x_wconf 71' lang='lat' dir='ltr'>neiron</span> <span class='ocrx_word' id='word_1_259' title='bbox 651 4420 698 4477; x_wconf 69' lang='lat' dir='ltr'>viic</span> <span class='ocrx_word' id='word_1_260' title='bbox 714 4419 779 4480; x_wconf 75' lang='grc' dir='ltr'><strong><em>ἱερῆς</em></strong></span> <span class='ocrx_word' id='word_1_261' title='bbox 797 4422 886 4482; x_wconf 73' lang='grc' dir='ltr'><strong><em>κοῦφος</em></strong></span> <span class='ocrx_word' id='word_1_262' title='bbox 904 4417 965 4483; x_wconf 75' lang='grc' dir='ltr'>ὑπὲρ</span> <span class='ocrx_word' id='word_1_263' title='bbox 983 4423 1120 4484; x_wconf 62' lang='grc' dir='ltr'>κεφαλῆίζ</span> 
     </span>
     <span class='ocr_line' id='line_1_34' title="bbox 310 4493 1211 4571; baseline 0.001 -16"><span class='ocrx_word' id='word_1_264' title='bbox 310 4507 361 4556; x_wconf 92' lang='lat' dir='ltr'>Kb.</span> <span class='ocrx_word' id='word_1_265' title='bbox 382 4514 448 4570; x_wconf 81' lang='lat'><strong>559:</strong></span> <span class='ocrx_word' id='word_1_266' title='bbox 467 4500 590 4558; x_wconf 70' lang='grc' dir='ltr'>Ποτολίης</span> <span class='ocrx_word' id='word_1_267' title='bbox 608 4499 690 4563; x_wconf 70' lang='grc' dir='ltr'><strong><em>τάφος</em></strong></span> <span class='ocrx_word' id='word_1_268' title='bbox 708 4493 790 4560; x_wconf 75' lang='grc' dir='ltr'><strong><em>οὗτος·</em></strong></span> <span class='ocrx_word' id='word_1_269' title='bbox 808 4501 867 4564; x_wconf 71' lang='grc' dir='ltr'>ἀνὴρ</span> <span class='ocrx_word' id='word_1_270' title='bbox 885 4500 907 4551; x_wconf 66' lang='grc' dir='ltr'>δ’</span> <span class='ocrx_word' id='word_1_271' title='bbox 925 4502 985 4564; x_wconf 76' lang='grc' dir='ltr'>ἐμὸς</span> <span class='ocrx_word' id='word_1_272' title='bbox 1005 4503 1082 4553; x_wconf 72' lang='grc' dir='ltr'><strong><em>αὐτὸν</em></strong></span> <span class='ocrx_word' id='word_1_273' title='bbox 1100 4503 1211 4571; x_wconf 64' lang='grc' dir='ltr'>’ἔτευξεν</span> 
     </span>
     <span class='ocr_line' id='line_1_35' title="bbox 564 4585 1064 4650; baseline 0.01 -13"><span class='ocrx_word' id='word_1_274' title='bbox 564 4585 642 4650; x_wconf 73' lang='grc' dir='ltr'><strong><em>κούφη</em></strong></span> <span class='ocrx_word' id='word_1_275' title='bbox 660 4604 700 4636; x_wconf 85' lang='grc' dir='ltr'>τοι</span> <span class='ocrx_word' id='word_1_276' title='bbox 718 4590 767 4650; x_wconf 68' lang='grc' dir='ltr'>γὰρ</span> <span class='ocrx_word' id='word_1_277' title='bbox 785 4587 842 4650; x_wconf 77' lang='grc' dir='ltr'><strong><em>ἐμοὶ</em></strong></span> <span class='ocrx_word' id='word_1_278' title='bbox 864 4589 972 4640; x_wconf 76' lang='grc' dir='ltr'>πέλεται</span> <span class='ocrx_word' id='word_1_279' title='bbox 992 4590 1064 4650; x_wconf 73' lang='grc' dir='ltr'><strong><em>κόνις.</em></strong></span> 
     </span>
     <span class='ocr_line' id='line_1_36' title="bbox 150 4673 1270 4744; baseline 0.005 -21"><span class='ocrx_word' id='word_1_280' title='bbox 150 4673 179 4741; x_wconf 90' lang='grc'>4)</span> <span class='ocrx_word' id='word_1_281' title='bbox 198 4675 231 4724; x_wconf 85' lang='lat' dir='ltr'>ci.</span> <span class='ocrx_word' id='word_1_282' title='bbox 250 4676 313 4724; x_wconf 90' lang='lat' dir='ltr'>Bch.</span> <span class='ocrx_word' id='word_1_283' title='bbox 335 4676 416 4726; x_wconf 87' lang='lat'>1066:</span> <span class='ocrx_word' id='word_1_284' title='bbox 435 4675 512 4726; x_wconf 88' lang='lat' dir='ltr'>tellus</span> <span class='ocrx_word' id='word_1_285' title='bbox 530 4674 604 4724; x_wconf 82' lang='lat' dir='ltr'>levis.</span> <span class='ocrx_word' id='word_1_286' title='bbox 625 4673 798 4723; x_wconf 87' lang='lat' dir='ltr'>Cholodniak.</span> <span class='ocrx_word' id='word_1_287' title='bbox 819 4687 845 4742; x_wconf 77' lang='lat'>3,</span> <span class='ocrx_word' id='word_1_288' title='bbox 862 4677 889 4742; x_wconf 76' lang='lat'>6,</span> <span class='ocrx_word' id='word_1_289' title='bbox 908 4689 969 4743; x_wconf 80' lang='lat'>299,</span> <span class='ocrx_word' id='word_1_290' title='bbox 984 4689 1033 4741; x_wconf 85' lang='lat'>491</span> <span class='ocrx_word' id='word_1_291' title='bbox 1054 4684 1080 4726; x_wconf 91' lang='lat' dir='ltr'>et</span> <span class='ocrx_word' id='word_1_292' title='bbox 1098 4679 1270 4744; x_wconf 88' lang='lat' dir='ltr'>caputXIII:</span> 
     </span>
     <span class='ocr_line' id='line_1_37' title="bbox 192 4762 425 4827; baseline 0.004 -17"><span class='ocrx_word' id='word_1_293' title='bbox 192 4762 262 4812; x_wconf 88' lang='lat' dir='ltr'>Vota</span> <span class='ocrx_word' id='word_1_294' title='bbox 281 4769 306 4811; x_wconf 87' lang='lat' dir='ltr'>et</span> <span class='ocrx_word' id='word_1_295' title='bbox 325 4778 425 4827; x_wconf 88' lang='lat' dir='ltr'>preces.</span> 
     </span>
    </p>
   </div>
   <div class='ocr_carea' id='block_1_7' title="bbox 0 0 1572 5476">
    <p class='ocr_par' dir='ltr' id='par_1_10' title="bbox 0 0 1572 5476">
     <span class='ocr_line' id='line_1_38' title="bbox 0 0 1572 5476; baseline 0 0"><span class='ocrx_word' id='word_1_296' title='bbox 0 0 1572 5476; x_wconf 95' lang='lat' dir='ltr'> </span> 
     </span>
    </p>
   </div>
  </div>
 </body>
</html>
