3134 5476
713 372 773 420 122

208 541 246 604 In
282 537 446 622 Aeschyl.
481 537 635 623 Choeph.
669 555 731 623 323
765 538 889 604 chorus
921 540 1098 624 respondit
1129 539 1245 605 Oresti
1277 541 1320 605 de

162 668 273 724 morte
305 661 411 744 patris
442 660 608 743 querenti,
641 660 734 742 quod
759 680 871 744 neque
896 659 1003 726 verba
1025 681 1137 744 neque
1162 660 1254 726 facta
1276 661 1320 726 ad

162 781 288 846 inferos
311 788 512 865 penetrent:

361 897 478 973 τέκνον,
502 895 651 980 Opimum
675 901 729 963 τοῦ
754 895 895 973 θανόντος
921 901 956 967 οὐ
979 897 1116 983 δαμάζει

361 1020 454 1103 πυρὸς
481 1018 609 1101 μαλερὰ
633 1017 760 1098 γνάθος,

360 1140 468 1223 φαίνει
493 1140 522 1207 δ’
546 1138 671 1222 ὕστερον
697 1138 794 1222 ὀργάς
811 1140 844 1226 Ι).

161 1271 196 1327 et
228 1262 325 1327 Plato
356 1263 390 1328 in
424 1263 550 1328 Phaed.
583 1263 666 1348 70B
698 1262 864 1327 Cebetem
897 1261 978 1327 facit
1002 1261 1137 1328 Socrati
1162 1262 1320 1346 quamvis

160 1384 357 1448 dubitanter
380 1384 631 1448 concedentem
653 1381 692 1454 ὥς
717 1380 785 1446 ἔστι
810 1404 846 1445 τε
871 1382 887 1456 ἡ
912 1380 1006 1462 ψυχὴ
1031 1378 1240 1453 ἀποθανόντος
1261 1385 1316 1446 τοῦ

62 1591 63 1594 ¹
155 1502 311 1584 ἀνθρώπου
335 1502 391 1567 καί
415 1525 487 1567 τινα
510 1500 641 1581 δύναμιν
665 1499 735 1582 ἔχει
760 1501 813 1567 καὶ
838 1500 997 1584 φρόνησιν.
1026 1503 1082 1588 (cl.
1096 1503 1179 1569 ibid.
1206 1503 1315 1580 111B‚

157 1624 219 1688 108
233 1624 282 1707 Β).

199 1743 318 1809 Cicero
354 1745 388 1810 in
424 1745 526 1809 Tusc.
559 1746 646 1829 disp.
683 1763 710 1809 1.
725 1747 778 1809 26.
793 1760 854 1830 27:
891 1745 1122 1828 „Auctoribus
1146 1745 1191 1809 ad
1216 1745 1316 1810 istam

158 1866 384 1948 „sententiam
419 1867 563 1950 (animos
597 1886 644 1930 sc.
681 1887 858 1931 remanere
889 1873 969 1950 post
1001 1867 1161 1950 mortem)
1190 1903 1235 1913 —
1266 1866 1314 1930 uti

160 1986 319 2070 „optimis
342 2007 521 2070 possumus
540 2024 584 2034 —
604 1995 640 2050 et
659 1987 809 2070 primum
829 1987 970 2071 quidem
990 1987 1085 2051 omni
1104 1985 1311 2070 antiquitati,

159 2126 266 2189 „quae
288 2127 358 2190 quo
382 2107 521 2191 propius
545 2108 664 2172 aberat
687 2107 732 2171 ab
756 2115 832 2171 ortu
857 2117 892 2172 et
915 2107 1032 2171 divina
1051 2108 1226 2192 progenie,
1248 2107 1312 2173 hoc

161 2226 300 2308 „melius
323 2248 364 2291 ea
383 2226 535 2303 sortasse,
556 2248 644 2311 quae
664 2236 761 2291 erant
781 2248 872 2305 vera,
886 2228 1059 2292 cernebat.
1073 2229 1195 2311 Itaque
1208 2250 1312 2292 unum

163 2347 264 2429 „illud
289 2355 362 2411 erat
382 2347 520 2411 insitum
540 2348 659 2431 priscis
672 2347 792 2411 illis-
804 2365 871 2412 esse
883 2349 918 2413 in
930 2360 1037 2413 morte
1047 2370 1188 2425 sensum,
1202 2369 1313 2433 neque

161 2487 322 2550 „excessu
353 2467 444 2532 vitae
469 2469 516 2532 sic
541 2468 646 2532 deleri
670 2467 856 2545 hominem,
881 2477 918 2533 ut
943 2467 1094 2533 funditus
1117 2469 1311 2548 interiret”;

157 2597 282 2653 cetera.
307 2588 358 2653 Cs.
383 2589 487 2653 etiam
508 2589 590 2653 ibid.
616 2608 642 2653 1.
657 2604 719 2672 35:
743 2590 833 2671 „veri
845 2589 954 2653 simile
967 2597 1161 2654 est-esse
1174 2590 1313 2674 aliquid,

159 2709 274 2791 „cuius
296 2710 325 2773 is
347 2717 427 2792 post
450 2717 598 2773 mortem
620 2731 751 2774 sensum
775 2711 819 2773 sit
842 2709 1052 2773 habiturus''.

197 2829 374 2895 Aeneidos
387 2831 665 2913 praetermittens
676 2828 800 2894 librum
813 2837 959 2906 sextum,
973 2831 1031 2912 qui
1046 2829 1152 2894 multa
1165 2830 1309 2914 praebet

154 2950 322 3034 exempla,
353 2951 456 3015 laudo
488 2958 622 3015 tantum
646 2951 722 3015 libr.
746 2968 768 3031 4
791 2971 908 3015 versus
931 2950 1007 3027 622,
1032 2951 1108 3032 623,
1132 2951 1191 3014 ubi
1216 2952 1309 3016 Dido

155 3071 297 3135 Aeneae
321 3073 421 3137 sociis
445 3073 541 3149 irata,
566 3080 742 3155 precatur:

224 3191 313 3256 Tum
338 3212 408 3268 vos,
434 3213 455 3255 o
479 3192 586 3276 Tyrii,
611 3193 754 3275 stirpem
778 3199 813 3256 et
835 3212 943 3275 genus
966 3212 1068 3256 omne
1091 3191 1243 3258 futurum

225 3312 394 3376 Exercete
419 3313 506 3376 odiis
529 3312 703 3396 cinerique
727 3312 812 3377 haec
836 3312 963 3377 mittite
987 3321 1103 3376 nostro

224 3431 377 3495 Munera.

201 3552 349 3617 Nuntius
373 3552 474 3635 igitur
496 3554 540 3617 de
565 3552 662 3617 bellis
687 3553 815 3637 populo
840 3553 998 3617 Romano
1017 3554 1176 3636 gerendis
1195 3555 1310 3639 deque

152 3672 287 3737 damnis
310 3672 355 3736 ab
378 3673 417 3735 iis
441 3673 593 3757 acceptis
617 3675 647 3737 ei
672 3676 763 3758 apud
788 3674 914 3738 inferos
938 3675 1085 3739 versanti
1107 3675 1172 3738 erit
1189 3677 1312 3757 gratis·

150 3793 266 3869 simus,
301 3793 393 3875 quod
426 3813 468 3856 ne
503 3793 622 3857 Manes
654 3794 793 3877 quidem
826 3795 911 3858 iram
942 3796 1106 3861 omittunt
1139 3804 1174 3861 et
1197 3818 1253 3862 res
1276 3799 1313 3864 in

151 3922 241 3978 terra
265 3920 359 3976 actas
383 3920 550 3989 curantes,
576 3933 693 3977 earum
717 3916 838 3978 nuntio
860 3915 1024 3997 gaudent.

175 4079 177 4082 -
196 4034 446 4118 Comparentur
459 4043 636 4118 praeterea
648 4034 773 4099 Tibull.
787 4054 813 4100 1.
826 4050 854 4118 5.
866 4049 917 4116 51,
932 4034 1034 4100 Ovid.
1047 4037 1127 4101 Ibis.
1145 4054 1217 4120 143,
1232 4039 1309 4105 alia.

199 4152 295 4236 Quae
330 4173 408 4218 cum
439 4156 488 4219 ita
519 4155 597 4232 sint,
629 4155 664 4219 id
696 4155 764 4219 iam
795 4175 897 4219 nemo
929 4157 1116 4234 mirabitur,
1152 4166 1188 4222 et
1218 4159 1309 4224 inter

153 4274 270 4340 titulos
293 4274 499 4358 sepulcrales
522 4275 675 4351 inveniri,
700 4275 823 4358 quibus
841 4275 919 4340 talis
941 4277 1060 4360 opinio
1079 4278 1308 4362 significetur3

154 4394 328 4459 enimvero
363 4395 407 4458 de
437 4394 539 4459 variis
569 4395 674 4459 animi
705 4393 882 4460 affectibus
914 4395 969 4459 hic
999 4396 1067 4461 illic
1099 4416 1213 4462 sermo
1245 4407 1309 4477 est,

161 4576 346 4592 -ι-

189 4689 215 4757 1)
233 4689 267 4741 cf.
285 4690 384 4740 Lucan.
405 4697 429 4755 5.
441 4687 507 4753 763:
535 4694 638 4739 nostros
666 4704 721 4739 non
750 4689 849 4754 rumpit
874 4688 952 4740 sunus
979 4705 1090 4756 amores,
1113 4706 1168 4740 non
1192 4690 1244 4742 diri
1262 4692 1306 4744 sax

151 4791 250 4826 summa
267 4791 332 4842 rogi.
