3134 5476
772 395 835 462 130

227 560 290 623 nisi
321 580 403 624 vero
433 560 485 625 his
511 561 625 625 verbis
648 561 691 625 de
715 559 868 636 vinculis,
893 558 1017 642 quibus
1040 554 1284 639 consanguinei
1309 554 1379 618 vivi

225 688 323 744 erant
345 681 529 758 coniuncti,
554 681 729 746 dubitatur
751 701 795 746 an
820 688 898 765 post
921 680 1028 744 vitam
1052 684 1254 743 remaneant
1268 673 1302 761 ¹).

270 857 288 940 ξ
313 875 344 942 7.
379 857 466 924 Sunt
490 860 637 944 denique
661 858 760 935 tituli,
785 859 843 943 qui
867 859 1065 943 opinionem
1090 856 1267 941 proferant
1285 854 1380 919 illam

225 977 305 1041 inde
328 978 372 1042 ab
397 978 550 1045 Homero
570 989 745 1065 receptam
765 1000 804 1044 ac
818 979 1028 1063 divulgatam
1041 979 1085 1043 de
1096 978 1286 1042 animarum
1300 982 1380 1060 post

226 1106 371 1162 mortem
384 1108 484 1176 statu,
498 1120 567 1183 quo
580 1099 662 1164 nihil
675 1101 827 1163 sentiunt
839 1100 1000 1182 omnique
1013 1118 1113 1162 sensu
1126 1104 1254 1161 carent.
1264 1094 1379 1158 Notis·

224 1218 300 1281 simi
323 1228 403 1283 sunt
422 1219 600 1303 Odysseae
620 1219 1005 1305 versus(11.475sqq.),
1026 1218 1083 1282 ubi
1105 1216 1257 1301 Ulyxom
1278 1222 1378 1298 rogat

224 1339 369 1404 Achillis
392 1341 523 1406 anima:

334 1460 399 1533 πῶς
423 1457 518 1536 ἔτλης
543 1459 683 1526 Ἀνδδσδε
708 1459 913 1540 κατελθέμεν,
937 1457 1009 1526 ἔνθα
1030 1483 1066 1525 τε
1091 1465 1186 1540 νεκροὶ

334 1579 491 1664 ἀφραδέες
516 1580 645 1663 ναίουσι,
673 1580 790 1662 βροτῶν
814 1579 929 1647 εἴδωλα
955 1578 1118 1659 καμόντων
1129 1577 1154 1665 ²)
1163 1607 1171 1657 ;

268 1702 348 1767 Alia
372 1704 443 1768 eius
468 1705 561 1769 modi
586 1705 678 1789 apud
703 1704 851 1787 tragicos
874 1711 995 1787 poetas
1019 1701 1194 1784 leguntur:

223 1821 386 1908 Aeschyl.
401 1824 519 1908 fragm.
534 1839 616 1909 257:
639 1823 722 1902 μήτε
746 1821 870 1904 χαίρειν
893 1820 976 1899 μήτε
1004 1819 1172 1910 λνπεῖσθαν
1195 1815 1340 1899 βρέτας.

397 1945 516 2028 fragm.
530 1963 613 2027 244:
637 1942 739 2023 ἄλγος
766 1943 793 2010 δ’
816 1943 900 2008 οὐδὲν
927 1939 1068 2007 ἅπτεται
1093 1938 1207 2021 νένρνν.

222 2063 400 2130 Simillima
424 2064 586 2150 Sophocl.
610 2066 733 2151 Oedip.
758 2065 830 2132 Col.
855 2079 932 2150 955,
958 2063 1111 2148 Euripid.
1136 2062 1214 2127 Alc.
1238 2079 1316 2146 937.

223 2186 377 2270 Euripid.
391 2187 517 2251 Troad.
530 2188 615 2272 637:
639 2187 776 2262 τέθνηκε,
805 2186 909 2252 κούδὲν
932 2179 994 2250 οἶδε
1017 2189 1076 2248 τῶν
1100 2184 1201 2256 αὐτῆς
1225 2186 1341 2246 κακῶν.

265 2305 307 2370 cf.
332 2306 485 2392 Euripid.
511 2308 629 2392 fragm.
659 2309 730 2393 176,
754 2308 928 2392 Theognis
956 2318 1185 2391 1191-1195.

220 2426 395 2511 Theognis
418 2443 500 2512 705:

264 2548 507 2633 (Persephone)
531 2545 586 2624 ἤτε
609 2547 732 2629 βροτοῖς
756 2547 891 2629 παρέχει
921 2547 1027 2626 λήθην,
1050 2543 1249 2625 βλάπτουσα
1273 2540 1360 2609 νὸαο.

219 2667 273 2732 De
297 2669 426 2733 Lethes
449 2670 571 2734 haustu
594 2671 629 2734 in
654 2671 760 2735 titulis
784 2670 923 2736 Graecis
944 2690 1046 2753 saepe
1070 2689 1183 2733 sermo
1207 2675 1277 2732 est:
1302 2666 1373 2731 Kb.

220 2806 303 2871 312:
326 2787 409 2867 Νύξ,
436 2790 531 2865 λήθης
556 2789 636 2870 δῶρα
659 2789 786 2871 Φέρννσ’
810 2789 861 2854 ἐπ’
890 2787 959 2868 ἐμοί
983 2790 1037 2874 (cf.
1063 2789 1144 2854 Bch.
1174 2789 1281 2873 1187).

219 2909 261 2973 cf.
274 2910 342 2974 Kb.
356 2911 457 2976 ibid:
481 2915 535 2975 τοῦ
549 2910 580 2976 δὲ
597 2909 635 2975 σὺ
648 2909 743 2988 μηδὲν
757 2907 832 2988 ἔβης
847 2910 997 2990 ἕσθομένα
1012 2910 1065 2995 (--
1079 2909 1175 2995 aiot.)
1191 2907 1234 2981 εἷς
1249 2905 1371 2973 Ἀίδαν.

263 3031 302 3095 In
326 3031 431 3095 titulis
456 3033 588 3097 Latinis
611 3032 696 3097 haec
720 3033 897 3117 exempla:

219 3149 300 3214 Bch.
329 3151 429 3233 1582:
466 3173 555 3217 nunc
590 3152 674 3216 levis
705 3154 818 3236 adque
851 3173 927 3217 meo
958 3153 1054 3217 iaceo
1087 3150 1229 3230 tumulo,
1258 3172 1372 3235 neque

1039 3274 1150 3337 sentio
1174 3273 1370 3356 quicquam.

218 3391 299 3454 Bch.
329 3407 429 3476 1095:
466 3413 529 3458 nec
552 3395 623 3458 scio
647 3395 721 3478 quit
744 3415 833 3458 nunc
857 3396 920 3458 sim
945 3414 1008 3458 nec
1032 3394 1104 3458 scio
1129 3394 1203 3476 quit
1226 3392 1359 3457 fuerim.

217 3511 298 3575 Bch.
347 3526 428 3597 507:
464 3514 581 3578 desine
605 3514 673 3577 iarn
697 3513 795 3578 flere:
821 3535 969 3599 poenam
993 3535 1063 3579 non
1087 3513 1198 3578 sentio
1223 3514 1355 3578 mortis.

217 3629 299 3695 Bch.
348 3632 428 3715 565:
464 3635 638 3698 outinam
663 3636 770 3718 possit
793 3635 941 3718 reparari
964 3636 1102 3720 spiritus
1126 3633 1192 3711 ille,

461 3762 498 3817 ut
521 3754 624 3818 sciret
648 3761 794 3838 quantus
818 3753 917 3818 dolor
941 3763 994 3818 est
1007 3751 1041 3840 ³).

216 3871 257 3935 cf.
282 3872 363 3936 Bch.
391 3887 473 3955 542:

261 3992 380 4057 Manes
403 3995 430 4057 si
454 4004 623 4079 saperent,
648 3996 806 4058 miseram
830 4016 884 4059 me
906 3995 1117 4059 abducerent
1141 3996 1334 4080 coniugem.

216 4111 296 4189 Ubi,
320 4115 402 4196 quid
428 4117 531 4180 modo
555 4116 664 4180 irreali
688 4116 907 4200 significetur,
932 4117 1149 4201 perspicuum
1174 4126 1237 4182 est.

248 4283 274 4350 1)
292 4283 325 4334 cs.
345 4284 410 4334 Bch.
430 4294 495 4348 771:
533 4284 641 4333 Paulina
659 4284 702 4333 hic
722 4284 808 4350 posita
828 4291 868 4334 est
886 4284 1029 4335 clarissima
1047 4284 1146 4335 femina
1163 4291 1246 4336 mater

531 4387 598 4436 quae
616 4373 710 4421 meruit
728 4373 867 4423 miserante
886 4372 936 4422 deo
955 4379 983 4421 ut
1002 4371 1080 4422 funus
1100 4373 1222 4422 acerbum

530 4459 642 4508 nesciret
661 4466 746 4526 natae,
766 4475 833 4524 quae
852 4475 912 4508 mox
931 4459 959 4508 in
979 4474 1043 4524 pace
1063 4465 1152 4509 secuta
1167 4466 1215 4510 est.

244 4544 273 4613 2)
292 4546 363 4596 Cave
383 4561 417 4594 ne
437 4543 553 4594 conferre
572 4546 677 4595 omittas
696 4545 761 4595 ibid.
784 4555 932 4610 147-150.

245 4632 273 4700 3)
292 4634 352 4683 Huc
372 4647 477 4698 quoque
496 4631 628 4697 pertinere
647 4632 750 4681 videtur
768 4632 831 4681 Bch.
850 4631 903 4696 438
922 4631 1038 4699 (carmen
1055 4631 1231 4700 corruptum:
1242 4634 1298 4684 Iam
1308 4650 1363 4686 non

214 4721 294 4771 sentit
312 4737 386 4772 onus.
405 4719 438 4769 cf.
460 4720 493 4768 A.
502 4719 531 4768 P.
551 4719 603 4768 VII
624 4731 672 4782 19:
691 4714 770 4778 ἄχθος
787 4715 926 4780 ἀναρρίψας
944 4716 1047 4780 dixeras
1066 4715 1102 4775 εἷς
1119 4713 1214 4779 Ἀΐδαν,
1229 4721 1276 4770 ubi
1291 4721 1370 4772 servi.

214 4804 277 4855 tutis
296 4820 363 4856 onus
381 4805 554 4872 significatum
569 4819 626 4854 esse
645 4810 734 4854 censet
754 4803 917 4872 Welckerus,
936 4811 964 4854 ut
982 4804 1091 4856 adnotat
1110 4804 1337 4859 stadtmuenerus.
