3134 5476
770 389 809 459 37

211 555 314 638 Quod
350 577 428 620 cum
463 559 511 621 ita
541 558 613 620 fieri
646 559 807 621 usitatum
839 566 929 621 esset
960 556 1066 621 multa
1097 577 1158 640 per
1181 555 1315 619 saecula
1330 553 1362 638 ¹),

211 685 480 741 consentaneum
513 686 564 741 est
595 678 754 761 antiquos
789 679 961 761 putavisse
986 678 1089 741 etiam
1114 685 1192 760 post
1217 683 1362 738 mortem

210 795 336 860 talibus
367 797 468 860 rebus
491 818 609 861 usuros
634 818 716 874 esse,
742 800 799 881 qui
823 799 894 862 vita
918 806 1032 861 essent
1056 797 1217 872 defuncti,
1242 803 1363 879 utpote

210 918 363 999 corporis
386 916 504 981 habitu
529 938 599 981 non
624 938 760 1001 prorsus
783 918 976 981 destitutos.

256 1036 295 1100 In
328 1035 506 1120 Odysseae
537 1036 624 1101 libro
649 1037 830 1101 undecimo
855 1038 979 1100 mortui
1004 1037 1062 1118 qui
1086 1043 1165 1100 sunt
1187 1034 1230 1098 εἱν
1254 1032 1362 1098 Ἀίδαο

209 1151 346 1232 δόμοισιν
382 1177 451 1220 non
484 1157 576 1221 idem
609 1155 737 1220 habent
769 1177 902 1239 corpus,
935 1176 1004 1238 quo
1029 1156 1097 1219 vivi
1122 1155 1306 1219 utebantur
1319 1152 1363 1239 ²);

210 1286 290 1341 sunt
325 1276 435 1356 ψυχαί
449 1276 484 1360 ³),
520 1275 662 1353 ἀμενηνὰ
696 1272 864 1360 κύρνρναέ),
896 1278 943 1340 ita
974 1285 1090 1340 tamen
1121 1283 1160 1338 ut
1184 1296 1366 1358 corporum

210 1399 360 1463 habeant
394 1399 556 1482 speciem,
589 1418 732 1481 corpora
763 1398 879 1462 tenuia
910 1396 965 1460 vel
996 1397 1195 1472 umbratica,
1220 1396 1365 1460 formam

209 1521 362 1602 corporis
396 1520 533 1583 inanem
569 1540 631 1582 nec
667 1518 827 1582 solidam:
863 1517 1018 1600 agnoscit
1050 1537 1108 1580 eos
1140 1515 1364 1600 Odysseus⁵)‚

208 1661 312 1722 quem
336 1648 371 1703 et
388 1641 453 1723 ipsi
474 1647 686 1723 cognoscunt
698 1637 734 1723 ὓ),
754 1639 812 1702 ubi
832 1639 964 1721 nigrum
985 1637 1145 1701 biberunt
1164 1639 1364 1720 sanguinem

208 1761 243 1823 in
267 1760 357 1824 fossa
378 1759 561 1823 collectum
576 1757 610 1844 ²),
632 1760 758 1824 deinde
778 1759 962 1841 loquuntur
975 1755 1017 1842 ⁸);
1039 1765 1177 1821 narrant
1196 1757 1362 1840 quaesibi

209 1881 244 1943 in
265 1880 335 1943 vita
355 1880 563 1956 acciderunt,
584 1901 728 1963 quorum
741 1880 842 1961 igitur
855 1878 1054 1942 memoriam
1067 1886 1203 1955 tenent;
1217 1877 1363 1942 Achillis

209 2000 326 2063 anima
348 2001 448 2080 Φοέτα
471 1998 580 2078 μακροὶ
604 1997 734 2076 βιβᾶσα
755 1999 828 2062 κατ’
847 1994 1024 2079 ἀσφοδελὸν
1045 2003 1194 2075 λειμῶνα,
1207 2000 1361 2064 irascitur

208 2119 310 2195 Aiax,
336 2118 493 2184 lacrimas
517 2119 728 2203 profundunt
752 2120 820 2184 fere
846 2140 964 2183 omnes
977 2117 1013 2202 ⁰).

255 2240 441 2304 Homerica
465 2261 505 2305 ea
528 2240 629 2323 longe
649 2241 786 2323 lateque
804 2240 979 2322 divulgata
999 2246 1058 2302 aut
1078 2238 1199 2302 eadem
1220 2248 1279 2303 aut
1291 2240 1365 2304 aliis

208 2362 387 2425 sententiis
411 2362 599 2425 commixta
618 2363 710 2444 apud
735 2360 935 2435 Hesiodum,
960 2366 1081 2441 poetas
1104 2360 1251 2442 tragicos
1268 2359 1304 2445 ¹⁰)
1329 2371 1364 2426 et

209 2480 345 2564 lyricos
381 2482 473 2563 apud
505 2488 657 2543 oratores
687 2479 797 2562 quinti
829 2487 864 2542 et
889 2480 1000 2562 quarti
1024 2479 1149 2543 saeculi
1173 2480 1363 2546 identidem

210 2609 403 2665 occurrunt.
428 2601 467 2664 In
491 2600 733 2683 Aristophanis
757 2600 863 2664 Ranis
884 2599 1008 2664 mortui
1029 2601 1063 2662 in
1084 2621 1190 2683 regno
1209 2601 1363 2668 Plutonis

210 2723 357 2784 eandem
381 2721 510 2804 degunt
535 2721 651 2796 vitam,
676 2740 744 2803 qua
766 2721 800 2784 in
823 2728 914 2783 terra
937 2720 987 2782 usi
1011 2727 1109 2783 erant
1124 2719 1172 2803 ¹¹).

211 2936 296 3002 Saepe
315 2936 409 2986 eodem
426 2953 504 2987 sensu
521 2933 612 2997 κτέρνα
630 2935 778 3002 κτοροέζοννε
798 2939 848 2990 Od.
862 2954 885 3007 1,
904 2954 964 3005 291.
982 2956 1007 3008 2,
1022 2957 1083 2994 222.
1094 2957 1120 3011 3,
1129 2945 1180 3010 285
1191 2951 1242 2996 etc.
1251 2946 1359 2996 Lucian.

205 3022 323 3088 Philops.
332 3034 364 3087 27
373 3038 380 3073 :
389 3023 433 3070 τόν
443 3039 472 3072 τι
481 3023 574 3083 κόσμον
583 3023 686 3072 ἅπαντα
694 3023 913 3087 συγκατακαύσας
922 3025 964 3074 καὶ
972 3027 1019 3084 τὴν
1028 3024 1137 3087 ἐσθῆτα,
1146 3026 1160 3093 ᾖ
1170 3029 1189 3095 ζ
1190 3033 1244 3079 dea
1251 3028 1266 3078 ’έ
1266 3046 1362 3093 χανρνν.

209 3110 243 3161 cf.
272 3111 341 3160 Aen.
370 3111 396 3176 6,
425 3121 575 3176 220-225.
600 3113 753 3178 Marquardt
776 3113 820 3164 l.l.
840 3131 867 3179 p.
887 3124 950 3180 345.
977 3117 1018 3166 De
1037 3119 1186 3182 sumptibus
1206 3126 1232 3169 et
1250 3119 1363 3181 luxuria,

210 3198 308 3263 quibus
326 3198 439 3247 Romani
458 3199 564 3248 modum
582 3200 627 3249 vix
644 3200 815 3267 adhibebant,
834 3202 888 3251 vid.
908 3203 1080 3254 Friedlander
1098 3205 1142 3255 1.l.
1162 3206 1203 3254 III
1223 3222 1251 3270 p.
1273 3218 1332 3269 129.

243 3283 269 3352 1)
288 3284 321 3334 cf.
341 3285 451 3336 Lucian.
471 3285 504 3335 de
522 3285 594 3337 luctu
617 3300 662 3351 14:
682 3287 755 3334 τόσον
781 3287 831 3349 γαρ
857 3286 900 3335 καὶ
923 3288 1014 3346 Ἰτσους
1036 3288 1079 3338 καὶ
1103 3287 1272 3348 παλλακίδας,
1296 3290 1322 3338 οἱ
1336 3286 1363 3339 δὲ

209 3366 253 3417 καὶ
271 3367 399 3431 οἰνοχόους
415 3365 624 3435 ἐπικατέσφαξαν
641 3372 684 3420 καῖ
701 3370 801 3428 instra
818 3371 861 3421 nai
878 3373 922 3421 ‘riv
940 3371 1019 3422 mm
1037 3378 1129 3436 κόσμον
1148 3373 1362 3442 συγκατέφλεξαν

208 3449 224 3510 ἢ
241 3448 440 3517 συγκατώρυξαν
458 3450 491 3510 ὧς
508 3451 673 3515 χρησομένους
692 3453 745 3503 έκεῖ
760 3453 813 3523 καὶ,
822 3453 1012 3504 ἀπολαύσουσιν
1029 3454 1113 3506 αύτῶν
1129 3456 1212 3518 κύτα;

241 3535 270 3604 2)
289 3535 322 3585 cf.
343 3535 394 3587 Od.
417 3549 613 3603 11.219sqq.:

489 3619 517 3670 ού
534 3622 584 3685 γαρ
600 3620 641 3671 ’έτν
659 3621 754 3686 σάρκας
771 3639 801 3672 τι
821 3622 864 3673 καὶ
881 3621 961 3673 ὀστέα
977 3619 1027 3682 ἶνις
1044 3622 1158 3688 έχουσνν,

489 3701 559 3753 ἄλλα
576 3707 611 3755 τα
629 3704 675 3768 μέν
692 3722 723 3755 τε
739 3706 814 3768 τυρὸς
832 3707 947 3769 κρατερὸν
965 3705 1038 3772 μένος
1056 3705 1199 3769 αὶθομένονο

489 3783 581 3851 δαμνᾷ,
598 3784 657 3837 inat
670 3806 698 3838 κο
715 3794 804 3851 πρῶτα
822 3788 890 3852 λύπρ’
902 3787 970 3839 λεύκ’
988 3786 1069 3838 ὀστέα
1087 3791 1175 3851 θυμός,

205 3870 239 3920 cf.
249 3870 314 3921 ibid.
325 3881 387 3938 207,
398 3882 458 3935 393.
483 3870 557 3934 ψυχὴ
576 3868 598 3919 δ’
616 3869 674 3928 ἠύτ’
688 3871 778 3934 ’ὄνειρος
795 3871 963 3934 ἀποπταμένη
981 3874 1133 3930 τοτύτνρταο.

241 3956 269 4024 3)
288 3958 322 4008 cf.
344 3956 396 4008 Od.
419 3969 459 4008 ιο.
471 3956 523 4022 566
541 3951 568 4006 e't
590 3968 619 4006 11
641 3957 746 4022 passim.

239 4043 270 4111 4)
288 4044 321 4094 cf.
349 4044 401 4094 Od.
433 4056 473 4094 ιο.
499 4053 560 4109 521,
586 4045 652 4110 5267
674 4057 767 4109 1129,
790 4058 826 4109 49
851 4050 877 4094 et
896 4043 1007 4095 Lucian.
1025 4044 1198 4110 Necyomant.
1217 4045 1284 4108 476:
1302 4043 1362 4100 τοὺς

208 4127 254 4191 μέν
271 4128 397 4186 ταλαέους
413 4156 447 4166 -
464 4127 508 4176 καὶ
525 4126 557 4185 tte
574 4132 649 4190 φησιν
667 4126 786 4190 Ὀμνρρος,
802 4126 944 4190 ἀμενηνούς.

288 4213 321 4263 cs·
342 4213 393 4263 Od·
415 4227 456 4264 11·
469 4222 511 4278 55,
530 4211 574 4278 87,
594 4210 655 4278 387,
675 4221 734 4277 395·

239 4213 269 4367 ἑ)
287 4299 320 4350 cf.
341 4299 392 4349 Od.
415 4309 527 4366 11.153,
547 4311 608 4367 396,
625 4310 687 4363 471.

240 4386 268 4455 7)
286 4386 320 4436 cf.
340 4386 391 4437 0d.
413 4384 509 4452 11.88‚
531 4395 590 4451 153,
610 4397 670 4449 39ο.

239 4472 268 4540 8)

286 4473 319 4523 ei.
340 4473 391 4524 Od.
415 4487 454 4523 11.
467 4482 510 4540 59,
529 4485 573 4538 91,
592 4485 635 4538 99,
658 4481 717 4539 154,
735 4485 796 4539 404,
817 4481 877 4536 542.
897 4472 989 4521 Horat.
1008 4471 1060 4522 Sat.
1084 4471 1141 4522 1.8.
1153 4486 1196 4537 29.

238 4558 267 4626 9)
286 4559 319 4610 cf.
340 4559 391 4609 Od.
414 4571 527 4624 11.391‚
546 4568 607 4624 472,
628 4568 688 4624 54α.

242 4645 285 4713 ιο)
305 4646 338 4695 cf.
359 4646 483 4711 Sophocl.
503 4645 600 4711 Oedip.
620 4647 653 4698 R.
676 4656 754 4712 1371,
769 4645 831 4694 Aias
847 4645 913 4712 6853
924 4645 1044 4711 Euripid.
1055 4645 1151 4696 Electr.
1162 4644 1224 4712 684,
1234 4645 1280 4697 Or.
1291 4646 1358 4714 6753

213 4733 335 4798 Aesehyl.
355 4733 475 4799 Choeph.
497 4744 557 4799 139,
578 4731 700 4800 156)157,
718 4734 786 4782 Pers.
806 4731 867 4795 637.

244 4818 287 4887 11)
305 4819 340 4870 cf.
363 4819 407 4870 1.1.
433 4821 493 4887 756.
513 4818 555 4872 stc
574 4820 692 4885 saepius:
718 4819 750 4872 cs.
770 4818 962 4869 Radermacher
979 4819 1023 4870 l.l.
1043 4820 1076 4870 A.
1097 4819 1209 4870 Antielre
1228 4819 1358 4886 Nekyien.
