3134 5476
2 4916 156 5112 h

742 385 783 474 36

187 565 363 654 placuisse,
388 572 451 656 ipsi
476 594 572 638 suam
595 575 659 638 sibi
680 574 855 658 fingebant
875 570 1094 657 opinionem?
1115 569 1209 654 Quas
1222 580 1345 636 autem

186 691 434 757 confunderent
467 697 655 758 sententias
690 716 758 759 non
794 696 903 778 pauci,
939 694 998 777 qui
1031 703 1130 757 erant
1163 693 1345 776 cogitandi

186 811 280 875 tenui
315 821 351 876 et
385 813 419 876 vi
454 822 491 877 et
525 813 697 890 facultate,
728 813 826 878 facile
857 834 960 897 saepe
991 833 1103 895 neque
1135 813 1346 896 perspicitur

186 952 298 1015 neque
322 933 587 998 demonstratur.

230 1181 257 1244 s.
282 1188 313 1235 2.
338 1172 411 1236 Iam
435 1173 618 1256 quaeritur,
642 1192 711 1254 quo
735 1171 839 1235 modo
862 1170 1003 1253 antiqui,
1028 1170 1138 1254 qualis
1162 1173 1207 1235 sit
1230 1181 1344 1237 status

186 1290 332 1355 hominis
362 1301 443 1375 post
475 1301 630 1367 mortem,
661 1292 874 1374 acceperint;
906 1292 954 1354 ita
985 1299 1022 1354 ut
1052 1312 1131 1356 cum
1162 1293 1280 1357 animo
1306 1303 1343 1357 et

186 1429 320 1493 corpus,
346 1411 603 1494 quodammodo
628 1418 807 1486 mutatum,
832 1408 886 1474 vel
909 1419 1001 1474 certe
1024 1431 1230 1494 corporeum
1254 1414 1342 1495 quid

186 1531 332 1594 existere
360 1531 565 1614 putaverint,
589 1538 649 1594 aut
672 1531 720 1594 ita
743 1538 780 1592 ut
802 1529 954 1593 animum
977 1530 1030 1594 vel
1055 1533 1170 1613 potius
1193 1552 1341 1616 corpore

185 1671 311 1714 vacans
334 1651 418 1733 quid
441 1650 565 1714 alicubi
589 1670 764 1714 remanere
789 1651 1069 1714 existimaverint.

230 1770 269 1834 In
293 1769 415 1835 litteris
437 1771 509 1834 sive
534 1769 672 1834 Graecis
694 1770 766 1833 sive
790 1770 922 1833 Latinis
941 1790 1016 1834 raro
1036 1779 1194 1836 notatum
1214 1772 1343 1856 legitur

184 1893 333 1955 animum
369 1912 442 1956 cum
473 1901 608 1974 corpore
637 1890 692 1954 vel
712 1902 791 1975 post
820 1891 925 1955 vitam
956 1902 1107 1955 exactam
1131 1893 1341 1958 coniunctum

185 2032 369 2076 remanere.

231 2132 418 2195 Notissima
451 2140 529 2196 sunt
561 2131 674 2195 Protei
705 2131 798 2213 apud
821 2130 1011 2194 Homerum
1034 2131 1140 2196 verba
1156 2131 1190 2216 ¹),
1215 2133 1344 2216 quibus

185 2249 345 2315 Menelao
376 2251 579 2314 vaticinatur
610 2270 688 2314 eum
710 2270 779 2313 non
804 2250 1003 2314 moriturum
1027 2271 1111 2328 esse,
1134 2252 1196 2316 sed
1222 2254 1344 2318 vivum

186 2374 346 2436 missuros
369 2391 443 2435 esse
467 2391 545 2434 eum
563 2371 648 2433 deos
667 2370 702 2433 in
722 2378 911 2433 extremam
932 2378 1067 2446 terram,
1089 2371 1147 2434 ubi
1160 2372 1193 2434 in
1207 2375 1343 2458 campis

187 2492 313 2576 Elysiis
341 2492 491 2556 victurus
522 2490 566 2553 sit
598 2490 704 2553 vitam
727 2489 981 2572 sempiternam.
1007 2488 1128 2552 Nullus
1152 2491 1256 2573 igitur
1280 2493 1343 2558 fiet

185 2614 290 2678 animi
312 2634 333 2677 a
356 2631 500 2695 corpore
524 2611 701 2686 discessus,
724 2611 784 2673 sed
804 2610 937 2673 animus
956 2618 991 2673 et
1011 2630 1135 2693 corpus
1154 2614 1344 2679 coniuncta

185 2753 320 2817 semper
354 2739 463 2795 erunt.
488 2729 582 2793 Talis
605 2729 753 2793 narratio
776 2728 887 2793 aliena
910 2728 955 2792 ab
978 2729 1028 2807 iis,
1053 2750 1142 2812 quae
1166 2731 1344 2798 Homerus

186 2853 229 2916 de
252 2853 356 2916 animi
381 2850 515 2934 (ψυχῆς)
540 2857 619 2932 post
638 2855 784 2911 mortem
803 2857 894 2911 statu
907 2848 1056 2932 proferre
1068 2850 1167 2929 solet,
1181 2856 1343 2935 quamvis

184 2993 269 3050 rara,
298 2994 366 3037 non
390 2974 491 3036 unica
514 2970 638 3052 legitur
662 2988 725 3031 nec
748 2967 830 3032 sola.
855 2969 945 3034 Nam
970 2970 1013 3033 de
1037 2970 1174 3035 Achille
1199 2993 1342 3058 quoque

185 3104 220 3158 et
244 3095 287 3158 de
311 3094 427 3158 Leuca
446 3089 565 3166 insula,
585 3090 620 3152 in
641 3096 749 3172 ponto
769 3089 905 3153 Euxino
925 3089 999 3166 sita,
1013 3090 1094 3153 talia
1114 3092 1344 3159 narrabantur

184 3214 238 3298 (cf.
256 3222 433 3298 praeterea
453 3210 596 3274 Hesiod.
612 3205 721 3289 Ἔργα
750 3207 811 3271 166
834 3229 909 3292 sqq.
931 3218 966 3272 et
986 3209 1109 3274 Rohde
1129 3210 1150 3274 l.
1160 3209 1182 3274 1.
1196 3209 1246 3275 ΙΙ3
1259 3234 1343 3298 pgg.

185 3331 385 3419 οὑν-36)·

229 3454 348 3517 Latius
372 3450 584 3534 divulgatum
608 3448 710 3513 fuisse
733 3447 880 3511 hominis
899 3457 978 3531 post
998 3457 1144 3513 mortem
1156 3472 1220 3516 non
1231 3453 1342 3533 solum

182 3585 316 3639 exstare
338 3573 497 3648 animum,
521 3570 698 3635 sedetiam
717 3589 790 3632 cum
802 3568 913 3632 animo
925 3569 1127 3634 coniunctum
1141 3584 1341 3657 corporeum

182 3693 272 3776 quid,
296 3693 376 3758 inde
401 3699 555 3775 apparet,
580 3688 673 3772 quod
694 3689 728 3751 in
749 3688 933 3751 cremando
946 3688 1000 3752 vel
1013 3679 1188 3754 humando
1200 3701 1342 3757 mortuo

182 3835 250 3879 una
280 3814 422 3879 cremari
454 3833 528 3876 mos
560 3818 633 3874 erat
657 3818 692 3874 et
716 3807 851 3891 sepeliri
876 3829 982 3891 equos
1005 3830 1099 3874 arma
1123 3824 1341 3893 ornamenta,

182 3935 298 4000 omnia
332 3934 479 4016 denique
512 3952 563 4008 ea,
595 3930 718 4014 quibus
749 3929 783 3992 in
808 3928 880 3992 vita
903 3929 952 3991 uti
976 3928 1109 3994 solebat
1134 3940 1290 3997 mortuus
1302 3933 1341 4020 ²).

215 4208 242 4277 1)
260 4208 293 4259 cs.
312 4209 392 4258 Hom.
412 4207 462 4257 Od.
482 4220 508 4270 4.
520 4205 569 4270 561
592 4218 667 4271 sqq:

360 4298 404 4343 σοι
419 4289 443 4341 δ’
461 4289 488 4342 οιἰ
506 4290 637 4353 θέσφατόν
655 4286 721 4345 ἔστι,
738 4284 866 4350 διοτρεφὲς
884 4281 901 4335 ὦ
919 4284 1041 4345 Μενέλαε,

360 4375 450 4439 ’Ἄργει
468 4372 493 4423 έν
511 4372 643 4434 ἱπποβότῳ
662 4367 760 4420 Ξιανέειν
778 4368 821 4418 καὶ
837 4368 934 4430 πότμον
952 4365 1076 4427 έννισπνῖν,

359 4457 430 4509 ἄλλά
448 4459 474 4506 σ’
495 4453 520 4514 ές
539 4453 658 4505 Ἠλύσιον
676 4449 759 4502 πεδίον
776 4450 819 4501 καῖ
837 4451 945 4513 πείρατα
962 4451 1038 4514 γαίης

358 4540 484 4593 ἀθάνατοι
504 4536 658 4600 πέμψουσιν,
674 4534 714 4585 lm
733 4535 822 4599 ξανθὸς
842 4530 1014 4594 Ῥαδάμανθυς
1032 4544 1090 4584 κτλ.

181 4646 239 4680 cum
259 4646 334 4696 seqq.
353 4628 386 4680 cf.
406 4627 485 4678 etiam
504 4625 569 4675 ibid.
589 4622 614 4672 6.
624 4633 669 4686 43.
689 4620 722 4670 cf.
742 4618 899 4669 Rohde1.1.
919 4618 944 4667 1³
963 4634 1026 4684 pgg.
1047 4629 1161 4684 75-79.

211 4717 240 4786 2)
258 4718 291 4769 cf,
311 4717 363 4767 Od.
385 4728 425 4766 11.
439 4725 486 4778 74:
504 4707 576 4759 ἄλλά
598 4724 631 4770 με
650 4706 759 4762 κακκῆαι
777 4705 823 4753 σὸν
841 4701 971 4766 τεύχεσιν,
988 4703 1060 4751 ἅσσα
1077 4721 1119 4765 μοι
1137 4703 1219 4758 lover.
1237 4717 1264 4760 et
1284 4711 1338 4764 od,

184 4817 284 4870 12.13:
309 4800 390 4863 αὖτοιρ
414 4797 469 4849 ἐπεὶ
495 4799 575 4861 νεκρός
599 4811 629 4845 rr
654 4792 702 4851 κάν
721 4790 764 4842 καῖ
780 4788 880 4854 τιν’χια
898 4791 989 4852 νεκροῦ.
1007 4791 1082 4843 Iliad.
1102 4793 1128 4860 6,
1147 4793 1210 4857 418.
1230 4809 1275 4866 24,
1294 4798 1338 4862 38.
