3134 5476
716 405 738 470 9

153 563 281 628 clusum
305 565 508 647 significant,
532 566 567 630 in
590 565 664 631 aliis
687 568 874 650 scripturae
890 563 912 650 ¹)
936 574 995 631 aut
1017 565 1182 630 sermonis
1196 561 1219 649 ²)
1243 573 1303 628 aut

154 687 252 749 metri
267 682 290 769 ³)
323 685 448 750 indicia
478 687 706 765 inveniuntur,
738 688 803 752 alia
826 689 975 771 denique
999 689 1071 750 eius
1095 686 1188 749 modi
1212 694 1301 760 sunt,

152 815 190 871 ut
210 808 392 871 terminum
411 817 491 873 ante
511 829 614 891 quem
634 810 705 873 sive
726 818 804 893 post
824 829 938 892 quem,
951 808 1010 890 qui
1023 808 1155 884 dicitur,
1169 807 1301 870 coniec-

154 936 230 991 tura
252 935 401 991 statuere
426 927 537 992 liceat.

199 1047 286 1113 Sunt
309 1058 486 1132 praeterea
509 1050 660 1113 carmina
683 1070 771 1132 quae
792 1049 917 1113 indicia
938 1047 1114 1132 proferunt
1134 1054 1192 1110 aut
1213 1045 1304 1109 nulla

154 1177 212 1232 aut
235 1176 307 1232 tam
331 1171 461 1233 incerta
484 1178 519 1233 et
543 1170 713 1253 ambigua,
738 1179 775 1234 ut
798 1171 839 1234 iis
862 1170 920 1233 vix
944 1169 1029 1233 fides
1049 1168 1166 1232 haberi
1188 1168 1304 1251 possit.

200 1288 368 1354 Omnibus
392 1311 473 1354 vero
494 1290 625 1355 collatis
645 1299 799 1375 apparet,
820 1292 1009 1355 carminum
1028 1289 1130 1373 longe
1144 1289 1307 1353 maiorem

155 1419 287 1493 partem
319 1411 430 1493 primo
461 1410 596 1475 saeculo
628 1433 658 1475 a.
673 1410 709 1475 C.
724 1432 756 1475 n.
781 1399 851 1475 non
875 1411 1103 1494 antiquiorem
1127 1431 1211 1486 esse,
1236 1429 1307 1473 sae-

156 1532 293 1615 pissime
318 1552 399 1594 vero
424 1531 464 1594 iis
487 1533 700 1615 temporibus
723 1533 915 1615 composita
938 1552 1021 1607 esse,
1046 1531 1170 1614 quibus
1189 1549 1306 1613 regna·

155 1651 240 1716 bant
262 1653 495 1734 imperatores.

200 1773 240 1835 In
280 1773 467 1836 carminum
508 1780 622 1835 autem
663 1772 841 1836 sententiis
876 1771 1121 1854 investigandis
1156 1770 1242 1833 ratio
1277 1771 1304 1832 si

157 1892 302 1956 habetur
336 1893 511 1975 temporis,
546 1913 614 1975 quo
650 1901 728 1957 sunt
764 1893 936 1975 inscripta,
973 1892 1142 1974 optimum
1174 1899 1237 1966 est,
1268 1896 1305 1952 ut

157 2034 244 2096 quae
280 2013 422 2076 diversis
456 2013 669 2095 temporibus
703 2013 746 2076 de
782 2033 849 2076 una
883 2011 1033 2076 alterave
1069 2031 1105 2074 re
1139 2009 1307 2073 senserint

157 2133 313 2198 homines
344 2142 602 2216 cognoscantur,
633 2141 668 2197 et
700 2134 727 2196 si
751 2133 822 2196 fieri
844 2133 980 2216 poterit,
1006 2131 1091 2195 ratio
1115 2130 1308 2222 habebitur.

203 2255 297 2318 Haec
322 2254 403 2317 satis
427 2254 519 2318 dicta
542 2262 654 2318 sunto.
680 2254 752 2317 Iam
773 2254 881 2336 ipsam
903 2253 1080 2315 materiam
1100 2251 1308 2335 colligamus

159 2383 195 2438 ut
231 2375 322 2450 inde,
354 2395 437 2457 quae
459 2374 499 2438 de
521 2375 689 2438 hominum
708 2386 947 2458 postmortem
972 2372 1154 2437 condicione
1176 2373 1311 2437 doceant

162 2496 314 2560 carmina
336 2496 548 2579 sepulcralia,
574 2496 772 2559 efficiantur.

204 2616 486 2699 Investigabitur:
534 2605 685 2681 Ian⁴sit
707 2616 778 2679 vita
802 2623 880 2699 post
905 2624 1062 2680 mortem.

516 2737 548 2798 II
572 2736 656 2819 quid
675 2744 754 2819 post
778 2744 923 2800 mortem
947 2742 1132 2798 remaneat.

500 2857 551 2920 III
575 2857 697 2922 ubisit
719 2857 812 2940 quod
837 2865 915 2940 post
939 2864 1084 2919 mortem
1109 2863 1272 2919 remanet.

499 2978 550 3042 IV
572 2998 634 3059 quo
642 2978 735 3042 modo
742 2978 788 3042 sit
795 2977 888 3060 quod
901 2985 979 3060 post
988 2984 1134 3040 mortem
1143 2983 1307 3039 remanet.

160 3129 344 3141 ..η-υ*

194 3213 220 3281 1)
238 3213 272 3263 cf.
291 3212 355 3262 Bch.
375 3222 424 3276 205
445 3211 559 3279 (litterae
574 3212 632 3262 aevi
649 3210 865 3278 Antoninorum),
881 3211 933 3262 206
948 3210 1011 3279 (litt.
1028 3211 1151 3275 antiquae
1167 3212 1310 3279 ethome),

164 3315 225 3366 ²¹²7
244 3314 306 3366 ²²²)
325 3309 386 3365 ²377
403 3310 465 3366 417,
485 3312 547 3366 443)
565 3309 626 3366 455,
646 3299 699 3362 4⁶0
718 3299 778 3349 alia·

192 3388 221 3455 2)
248 3387 281 3437 cf.
307 3387 372 3436 Bch.
400 3399 450 3451 213
476 3386 540 3454 (vox
559 3402 625 3451 quae
645 3393 683 3437 est
702 3385 821 3453 mentor),
841 3387 890 3451 361
911 3385 1061 3452 (Ennianae
1080 3384 1173 3435 aetatis
1191 3384 1310 3452 formae),

165 3475 215 3538 362
234 3472 417 3540 (Lucretianae
437 3473 529 3522 aetatis
547 3473 666 3540 formae),
688 3473 749 3539 363,
768 3474 828 3539 364,
848 3473 909 3539 367,
928 3472 980 3536 498
1000 3472 1058 3522 alia.

194 3560 224 3628 3)
242 3560 275 3610 cs.
294 3560 357 3610 Bch.
376 3572 427 3624 491
448 3559 567 3627 (quoquc
587 3577 659 3610 more
679 3565 815 3625 po'e’tarum
834 3559 1022 3627 inferiorumi).
