3134 5476
697 323 741 393 70

144 490 225 554 Bch.
255 490 354 570 1581:

187 608 263 671 talis
286 608 376 670 enim
400 628 516 671 sensus
541 616 612 672 erat
636 609 683 672 illi
708 610 803 691 quasi
828 607 1045 691 properantis
1068 608 1112 671 ad
1133 606 1269 672 Orcum.

144 727 225 791 Bch.
244 729 342 809 1829:
391 727 505 790 Rebus
529 728 692 791 sollicitus
717 728 836 802 fueras,
862 728 944 790 dum
968 727 1040 790 vita
1065 735 1230 801 maneret,

386 846 554 911 Adfectus
585 849 672 911 curis
697 848 827 911 miseris
851 848 999 911 necdum
1024 868 1157 911 memor
1180 847 1290 913 Orchi.

188 965 293 1028 Addo
317 967 356 1028 de
380 966 487 1029 Erebo
511 968 595 1030 duos
619 967 753 1031 titulos:

145 1086 226 1150 Bch.
256 1087 354 1167 1165:
403 1087 534 1150 animae
559 1089 694 1170 piorum

399 1207 555 1270 laudatae
579 1208 690 1270 colitis
714 1228 800 1290 quae
826 1207 901 1270 loca
925 1216 1044 1271 sancta
1070 1207 1185 1283 Erebi,

145 1327 179 1388 in
221 1345 289 1407 quo
323 1325 433 1401 titulo,
468 1328 494 1388 si
530 1328 659 1410 reliqua
695 1327 862 1402 conferas,
897 1327 1049 1390 Erebum
1085 1348 1148 1410 pro
1184 1327 1296 1390 inferis

146 1446 274 1509 dictum
299 1466 371 1509 esse
397 1456 550 1529 apparet,
575 1456 609 1510 et
633 1446 863 1510 Christianum
888 1446 970 1510 Bch.
995 1463 1077 1529 920:

212 1565 330 1628 Flecte
354 1585 460 1647 genu;
486 1586 528 1628 en
552 1567 686 1648 signum
710 1585 771 1647 per
795 1566 888 1648 quod
913 1568 964 1629 vis
988 1567 1081 1629 victa
1105 1566 1232 1629 tiranni

303 1687 433 1768 antiqui
459 1695 561 1768 atque
587 1687 689 1750 Erebi
715 1686 866 1750 concidit
891 1687 1082 1768 imperium.

147 1808 204 1870 ubi
235 1808 367 1871 Erebus
398 1810 496 1871 sedes
520 1816 598 1871 sunt
623 1808 824 1870 tenebrosae
849 1808 1032 1889 impiorum
1056 1808 1148 1891 apud
1174 1807 1299 1870 inferos

148 1936 183 1990 et
207 1946 283 1990 cum
307 1927 450 1991 Tartaro
467 1927 487 2010 ¹)
513 1929 727 2011 potissimum
751 1928 937 1990 concinunt
950 1923 985 2009 ²).

195 2168 296 2232 Canis
331 2168 514 2232 inferorum
545 2169 682 2232 sedibus
714 2169 780 2231 iam
812 2169 950 2232 additur
974 2177 1089 2232 custos
1112 2170 1205 2252 apud
1231 2169 1300 2232 Ho-

151 2310 280 2352 merum
305 2290 338 2352 in
364 2289 459 2352 Iliad.
484 2290 570 2353 libro
593 2291 622 2352 8.
639 2290 701 2370 368
723 2287 815 2372 (κύον
835 2293 987 2367 στυγεροῦ
1011 2287 1132 2373 Ἀίδαο)
1153 2297 1188 2352 et
1209 2290 1299 2372 apud

150 2410 339 2473 Hesiodum
364 2410 553 2493 (Theogon.
578 2411 660 2494 769:
685 2409 778 2480 δεινὸς
804 2409 834 2473 δὲ
847 2408 926 2472 κύων
940 2407 1125 2490 προπάροιθε
1137 2407 1299 2490 quadarn

152 2530 296 2613 νηλειής),
329 2533 422 2594 cuius
454 2540 568 2594 autem
592 2551 717 2595 nomen
742 2533 832 2614 apud
859 2531 1048 2595 Homerum
1073 2551 1143 2594 non
1167 2530 1300 2614 legitur,

152 2653 211 2714 sed
236 2652 382 2734 primum
406 2651 576 2713 invenitur
601 2649 742 2712 Hesiod.
766 2649 818 2712 l.l.
845 2668 919 2731 311.

195 2770 310 2853 Vulgo
348 2769 510 2834 Cerberus
544 2778 595 2833 est
631 2771 723 2832 canis
757 2768 947 2849 τρικέφαλος
964 2767 998 2851 ³),
1031 2770 1157 2853 triceps
1171 2767 1207 2852 ⁴),
1239 2771 1301 2832 tria

153 2890 320 2954 extollens
343 2910 402 2954 ora
426 2899 461 2953 et
481 2899 549 2953 tres
567 2890 709 2953 latratus
729 2889 827 2952 simul
849 2891 954 2954 edens
968 2888 1004 2972 ⁵),
1026 2889 1096 2961 τοὺς
1118 2889 1176 2968 μὲν
1190 2891 1301 2969 ἐναφι-

152 3009 333 3087 κνονμὲνονρ
357 3008 462 3090 φίλιόν
484 3033 513 3072 τι
535 3010 587 3073 καὶ
609 3009 752 3088 εἰρηνικὸν
768 3008 987 3089 προσβλέπων,
999 3011 1071 3082 τοὺς
1084 3012 1115 3075 δὲ
1132 3017 1301 3093 πειρῶντας

151 3129 387 3211 ἀποδιδράσκειν
413 3130 554 3194 ὑλακτῶν
579 3129 631 3193 καὶ
658 3131 700 3210 τῷ
728 3130 879 3210 χάσματι
905 3129 1117 3209 δεδιττόμενος
1132 3131 1169 3216 ⁰).

156 3255 364 3318 Memoratur
388 3253 479 3336 apud
504 3252 584 3315 Bch.
614 3270 715 3334 1034:

266 3395 320 3437 me
344 3375 458 3457 potius
482 3374 602 3436 Manes
625 3374 817 3456 rapuissent
841 3373 930 3435 Ditis
954 3374 1046 3436 avari

310 3503 345 3557 et
368 3495 497 3556 cineres
522 3502 654 3557 nostros
678 3495 747 3557 ima
772 3494 903 3557 foveret
925 3492 1058 3568 humuS,

267 3635 369 3699 quam
392 3622 426 3677 te
450 3614 498 3676 sic
523 3615 645 3676 nostris
669 3615 836 3697 rapuisset
860 3613 1027 3677 Cerberus
1051 3614 1148 3676 annis

310 3743 368 3799 aut
392 3735 579 3818 insperanti
604 3735 699 3797 triste
726 3735 876 3798 dedisset
899 3754 995 3816 opus.

164 3905 359 3915 —-.--—---

190 4013 216 4080 1)
234 4013 334 4063 Erebus
353 4027 385 4061 ex
404 4010 476 4060 Chao
495 4014 549 4059 erat
568 4014 644 4057 natus
663 4005 708 4073 (cs.
728 4005 839 4056 Hesiod.
858 4005 994 4070 Theogon.
1017 4005 1089 4072 123),
1107 4005 1209 4055 Tartari
1218 4006 1306 4057 frater.

188 4102 216 4169 2)
235 4101 268 4151 cs.
288 4101 320 4150 A.
331 4101 359 4148 P.
379 4098 438 4147 VII.
458 4094 523 4162 558:
541 4087 616 4156 (οἷκον)
635 4091 687 4150 νέος
706 4090 741 4148 εἷς
758 4089 849 4152 ἔρεβος.
867 4092 1000 4156 Theognis
1020 4103 1081 4156 974.

188 4188 217 4256 3)
235 4188 344 4238 Lucian.
362 4186 395 4235 de
414 4185 476 4234 luet.
495 4198 527 4246 4:
546 4178 608 4230 κύων
627 4177 777 4242 τρικέφαλος
795 4176 869 4239 μάλα
886 4175 1019 4240 κάρχαρος.

188 4274 217 4342 4)
235 4275 290 4324 Cic.
318 4274 395 4322 Tusc.
423 4271 492 4336 disp.
523 4282 604 4319 1.1o:
632 4269 727 4334 triceps
752 4267 823 4333 apud
847 4266 946 4316 inferos
972 4267 1108 4316 Cerberus.
1135 4266 1198 4316 Bch.
1221 4275 1304 4331 1257:

160 4362 334 4428 tricipitisque
353 4359 402 4409 feri
422 4358 505 4408 sedes.

191 4449 218 4516 5)
236 4448 269 4498 ci.
299 4447 377 4497 Ovid.
406 4446 513 4494 Metam.
542 4458 567 4506 4.
578 4453 646 4510 4503
675 4444 753 4507 Verg.
773 4443 841 4491 Aen.
861 4440 886 4490 6.
896 4452 963 4503 417:
983 4440 1111 4490 Cerberus
1129 4440 1193 4489 haec
1212 4439 1309 4505 ingens

159 4537 253 4586 latratu
272 4550 352 4600 regna
369 4532 472 4582 trifauci
492 4538 624 4596 personat.
644 4531 735 4578 Horat.
755 4529 806 4578 Od.
826 4542 850 4577 2.
864 4539 904 4591 13.
915 4539 950 4591 34
965 4534 1066 4577 autem:
1081 4527 1159 4577 belua
1174 4527 1311 4592 centiceps

161 4631 186 4673 et
205 4623 315 4672 Hesiod.
335 4620 471 4684 Theogon.
492 4631 558 4682 312:
577 4612 850 4676 πεντηκοντακέφαλος.

192 4711 221 4778 6)
240 4710 347 4760 Lucinn.
367 4707 408 4757 l.l.
428 4721 453 4769 4.
473 4706 505 4756 cs.
525 4704 635 4754 Hesiod.
654 4704 790 4768 Theogon.
810 4714 861 4766 770
879 4718 939 4767 sqq.
