3134 5476
760 372 806 454 69

208 563 243 618 et
278 556 369 638 apud
405 556 611 638 posteriores
646 555 808 618 Tartarus
839 555 910 617 sive
942 553 1083 617 Tartara
1099 549 1120 636 ¹)
1145 551 1281 635 proprie
1305 557 1358 613 est

209 676 392 739 inferorum
424 675 518 740 locus
548 677 586 752 is,
612 675 669 739 ubi
694 674 773 739 mali
798 684 833 738 et
858 675 970 737 miseri
994 682 1171 737 versantur
1185 669 1221 752 ²).
1245 672 1356 735 Accu-

208 799 312 861 ratius
340 807 455 862 autem
489 796 660 879 Vergilius
683 796 808 879 aliique
831 816 909 858 eum
933 796 1040 858 secuti
1064 796 1152 858 inter
1176 794 1355 857 Tartarum

207 926 243 981 et
283 917 439 1000 Elysium
474 918 688 1000 distinguunt
701 913 736 1000 ³),
771 937 816 980 ex
850 916 973 999 quibus
1006 924 1182 998 tamquam
1217 914 1359 979 diversis

208 1037 403 1121 regionibus
427 1036 535 1102 Orcus
559 1045 704 1100 constat.

252 1155 395 1240 Saepius
419 1167 455 1221 et
478 1158 641 1221 Tartarus
664 1177 727 1240 pro
751 1157 866 1219 inferis
889 1156 1013 1239 legitur
1035 1166 1070 1220 et
1095 1151 1253 1238 Orcus4).

252 1278 291 1341 In
317 1277 425 1341 titulis
450 1278 535 1341 haec
559 1285 656 1340 sunt:

207 1395 290 1460 Bch.
303 1397 390 1479 456:
415 1396 445 1462 O
469 1418 573 1480 quam
598 1399 681 1462 dura
705 1397 778 1472 tibi,
804 1397 924 1480 piguit,
950 1397 1113 1472 Fortuna,
1139 1396 1247 1470 fateri,

415 1539 502 1600 quae
526 1527 561 1582 te
585 1527 656 1582 tam
680 1519 806 1581 teneris
831 1519 928 1580 annis
951 1516 1014 1580 sub
1038 1516 1181 1580 Tartara
1206 1515 1306 1578 misit.

207 1637 289 1701 Bch.
306 1652 387 1723 527:
411 1640 481 1702 Iste
505 1638 586 1702 mihi
612 1639 714 1702 coiux
737 1640 771 1702 in
796 1639 905 1702 tristia
929 1638 1072 1702 Tartara
1094 1638 1290 1702 abitnunc.

207 1757 289 1820 Bch.
305 1759 386 1848 562¹:
411 1760 469 1840 qui
493 1758 616 1841 legitis,
640 1766 752 1822 totum
777 1778 902 1822 nomen
926 1759 953 1821 si
978 1778 1077 1821 nosse
1101 1756 1222 1832 velitis,

414 1879 562 1941 noscetis
579 1878 770 1942 Geminiam
784 1877 956 1960 Agathen,
970 1898 1073 1960 quam
1086 1878 1204 1940 mortis
1217 1875 1357 1939 acerbus

415 1997 539 2080 eripuit
561 1997 648 2061 letus
672 2007 893 2080 teneramque
917 1999 960 2061 ad
985 1998 1127 2061 Tartara
1151 1997 1259 2060 duxit.

205 2117 387 2181 Praeterea
411 2117 492 2180 Bch.
520 2132 593 2201 549,
619 2119 695 2201 619,
721 2119 797 2200 645,
828 2121 910 2182 1828
935 2127 969 2182 et
995 2117 1221 2183 Cholodniak.
1249 2117 1324 2198 36c:

540 2239 667 2302 tradita
690 2239 841 2302 Tartaris
864 2241 950 2302 imis.

253 2357 475 2422 Adiectivum
500 2359 683 2422 Tartareus
706 2360 740 2422 in
765 2358 833 2422 his:

207 2477 289 2541 Bch.
308 2496 408 2562 1109:
457 2500 525 2543 non
550 2501 615 2562 ego
639 2480 819 2544 Tartareas
844 2481 1033 2563 penetrabo
1052 2480 1157 2543 tristis
1176 2481 1220 2544 ad
1240 2481 1358 2544 undas.

208 2597 289 2660 Bch.
308 2599 391 2678 1386
404 2599 447 2662 de
461 2599 595 2662 Felice:
620 2600 804 2663 Tartareos
828 2601 886 2682 qui
912 2620 992 2663 mox
1016 2600 1103 2663 vidit
1122 2607 1156 2662 et
1169 2601 1242 2683 ipse
1254 2600 1358 2663 locos.

207 2724 243 2780 et
274 2717 308 2780 in
340 2738 442 2781 carm.
469 2719 591 2783 Christ.
625 2719 706 2783 Bch.
740 2738 822 2801 301:
856 2740 946 2783 mors
970 2720 1143 2796 Tartarea,
1167 2720 1250 2784 Bch.
1274 2722 1358 2802 760:

209 2839 374 2903 Tartarea
397 2840 563 2903 custodia.

253 2958 478 3022 Conferantur

207 3078 290 3142 Bch.
306 3080 387 3162 576:
434 3079 538 3142 credo
551 3078 614 3142 tibi
627 3087 772 3162 gratum,
783 3079 810 3141 si
824 3078 908 3142 haec
922 3100 1059 3163 quoque
1069 3080 1211 3144 Tartara
1224 3090 1359 3144 norunt.

208 3199 290 3263 Bch.
309 3217 409 3280 1404:
434 3219 515 3275 sors,
542 3199 624 3262 mihi
647 3200 674 3261 si
699 3199 859 3263 iuvenem
883 3199 1019 3263 voluisti
1044 3200 1163 3263 tollere
1187 3209 1316 3276 natum,

476 3329 578 3383 antea
603 3341 658 3383 me
682 3327 843 3403 raperent
866 3320 1009 3384 Tartara
1032 3329 1129 3404 grata
1153 3321 1270 3404 magis
1321 3328 1323 3333 ’

253 3441 293 3503 111
317 3440 361 3504 A.
375 3441 412 3504 P.
438 3441 506 3504 VII
533 3455 594 3522 531
623 3461 692 3504 vox
715 3440 878 3521 Τάρταρος
904 3441 1036 3525 legitur.

253 3561 306 3623 De
331 3558 421 3624 Orco
446 3561 551 3624 rarius
575 3569 626 3625 est
650 3581 772 3625 sermo.

208 3663 290 3745 Bch.
310 3698 409 3746 1202:
435 3681 553 3745 orbem
578 3682 641 3745 sub
661 3681 754 3764 leges
766 3684 793 3746 si
806 3683 933 3746 habeas
945 3683 1027 3746 dum
1040 3683 1136 3759 vivis,
1150 3684 1194 3748 ad
1208 3682 1359 3748 Orchum

477 3802 559 3884 quid
583 3801 695 3865 valet?
720 3802 775 3865 hic
799 3801 890 3864 nulla
914 3811 966 3866 est
989 3803 1105 3866 divitis
1128 3804 1282 3868 ambitio.

241 4090 267 4158 1)
288 4091 397 4156 Legitur
417 4097 555 4156 utrumque
573 4092 694 4141 Tartarus
714 4099 739 4140 et
758 4092 872 4141 Tartara.
892 4093 1014 4142 Tartarus
1033 4109 1055 4142 e.
1070 4109 1109 4158 gr.
1120 4093 1258 4158 Hymn.in
1268 4095 1358 4145 Herm.

207 4176 270 4243 256,
290 4188 359 4244 3743
379 4177 514 4242 Theognis
536 4178 613 4243 1036,
632 4179 770 4227 Anacreon
790 4177 873 4244 (apud
892 4179 957 4244 ng.
974 4181 1003 4228 P.
1014 4181 1043 4229 L.
1055 4179 1100 4246 G.)
1109 4194 1154 4242 44.
1165 4181 1323 4232 Timocreon
1334 4183 1359 4249 8,

207 4265 287 4328 Verg.
317 4266 385 4314 Aen.
414 4264 438 4314 6.
450 4274 512 4331 577,
535 4265 639 4317 Lucret.
665 4277 780 4328 3.101o.
798 4266 905 4314 Tartara
924 4266 1034 4315 Hesiod.
1054 4267 1190 4332 Theogon.
1213 4282 1272 4335 119,
1291 4269 1359 4337 8413

207 4351 287 4416 Verg.
308 4351 403 4415 Georg.
426 4351 502 4418 1.36,
522 4365 546 4400 2.
556 4365 618 4417 292,
636 4365 662 4413 4.
671 4349 739 4419 4823
759 4353 826 4402 Aen.
844 4366 870 4414 4.
881 4365 943 4418 243,
962 4352 987 4402 6.
998 4363 1062 4420 5433
1084 4354 1187 4406 Lueret.
1208 4367 1233 4418 3.
1242 4370 1287 4418 42.

236 4436 266 4504 2)
294 4437 328 4486 cs.
347 4437 448 4487 Platon.
467 4437 572 4487 Phaedo
594 4438 677 4501 113E
697 4439 743 4488 ubi
762 4437 821 4494 τοὺς
844 4435 952 4494 ἀνιάτως
969 4434 1080 4499 ’ἔχοντας
1097 4435 1112 4494 ἡ
1130 4439 1204 4501 μοῖρα
1221 4439 1303 4501 ῥίπτει
1321 4439 1356 4499 εἷς

208 4521 252 4570 τὸν
270 4520 405 4584 Τάρταρον.
1006 4574 1009 4578 ,

237 4605 266 4672 3)
284 4605 316 4655 cs.
337 4606 404 4655 Aen.
426 4614 450 4670 5.
463 4618 512 4670 733
533 4622 592 4672 sqq.
612 4607 675 4656 Bch.
697 4617 780 4672 1515:
799 4608 850 4656 iam
859 4613 885 4656 te
895 4624 948 4656 non
959 4608 1067 4658 Tartara
1077 4609 1209 4659 crudelem
1219 4611 1356 4677 tenebunt,

208 4700 248 4743 set
267 4692 372 4758 Elysius
388 4709 494 4758 campus
513 4693 659 4758 occupavit.

237 4777 267 4845 4)
277 4779 310 4829 cf.
320 4780 399 4845 Verg.
410 4780 506 4845 Georg.
519 4793 541 4830 1.
552 4780 601 4847 3⁶3
613 4780 691 4831 Ovid.
702 4781 807 4833 Metam.
820 4793 860 4833 ro.
872 4793 915 4847 21,
927 4793 967 4830 12.
978 4782 1046 4849 ⁶¹93
1057 4783 1149 4832 Horat.
1160 4783 1212 4834 od.
1226 4797 1248 4834 1.
1259 4783 1302 4835 28.
1316 4798 1359 4836 ro.

1427 4884 1543 5148 A
