3134 5476
698 401 736 463 81

137 579 263 644 inferos
287 581 486 645 invocarent
506 582 665 646 custodes
685 590 720 644 et
740 582 903 645 vindices.
925 580 1022 664 Quae
1037 581 1118 645 mihi
1134 582 1293 663 uidentur

138 720 183 762 ex
215 701 336 764 eadem
368 701 529 784 opinione
561 703 749 784 repetenda
779 721 863 777 esse,
897 710 1049 764 mortuos
1073 702 1105 764 in
1131 699 1294 783 sepulcris

138 817 294 882 habitare
330 827 365 883 et
396 821 569 904 quiescere
586 819 608 904 ¹)
638 829 673 884 et
706 823 897 886 cavendum
930 841 1014 896 esse,
1039 841 1081 883 ne
1107 820 1174 884 ulla
1196 820 1295 884 huius

139 939 266 1020 quietis
289 939 348 1002 fiat
372 941 583 1023 perturbatio
597 937 631 1023 ²).

187 1058 341 1141 Rogatur
364 1080 406 1122 ne
430 1060 586 1143 sepulcro
609 1059 677 1124 ulla
699 1062 752 1124 vis
775 1061 933 1125 afferatur
956 1062 992 1125 in
1016 1060 1069 1123 his
1092 1060 1216 1124 titulis:

140 1177 223 1241 Bch.
236 1193 296 1262 74:
366 1200 449 1262 rogo
473 1188 519 1256 te,
543 1180 663 1257 viator,
677 1190 898 1245 monumento
910 1181 988 1244 huic
1003 1181 1049 1244 nil
1062 1180 1149 1244 male
1162 1180 1291 1244 feceris.

139 1299 224 1363 Bch.
243 1301 320 1383 198:
368 1300 468 1384 Rogo
489 1322 549 1385 per
570 1304 653 1367 deos
673 1302 822 1386 Stygios
843 1325 918 1367 ossa
939 1313 1064 1379 nostra,
1085 1303 1237 1384 quisquis
1256 1321 1293 1363 es

365 1421 480 1498 homo,
504 1443 573 1486 non
597 1423 712 1500 violes,
738 1444 806 1487 non
830 1425 978 1488 trasieris
1001 1423 1092 1486 hunc
1116 1421 1240 1485 locum.

142 1540 224 1604 Bch.
244 1555 344 1623 1145:

208 1661 260 1725 Te
278 1682 372 1744 rogo,
393 1664 578 1745 praeteries
600 1663 658 1745 (sic
669 1666 699 1749 1),
719 1674 756 1728 ut
776 1684 896 1747 parcas
915 1663 1046 1727 calcare
1066 1662 1270 1744 iacente(m),

299 1782 436 1845 infantis
459 1783 602 1846 miserae
627 1785 780 1847 membra
804 1785 945 1847 iacentis
968 1784 1083 1847 humo.

142 1900 223 1965 Bch.
244 1917 342 1981 1224:
369 1901 474 1964 Filius
498 1902 552 1965 hic
578 1903 662 1966 situs
687 1911 738 1966 est
763 1904 825 1967 Iuli
851 1904 944 1966 Bassi
969 1902 1159 1978 Bassianus

428 2043 535 2086 annos
559 2024 617 2106 qui
641 2025 727 2088 vixit
751 2025 784 2087 X
808 2034 843 2088 et
867 2025 952 2088 XIII
976 2023 1081 2099 soles;

366 2163 468 2224 quem
492 2144 653 2225 quoniam
675 2144 794 2207 Manes
814 2152 850 2207 ut
863 2144 1037 2208 alumnum
1050 2144 1084 2206 di
1098 2151 1291 2226 rapuerunt,

412 2284 454 2326 ne
478 2263 608 2326 calcare
634 2264 716 2328 velis
740 2286 803 2329 nec
826 2266 940 2348 grabis
965 2266 1054 2349 (οἱοί)
1079 2285 1153 2328 esse
1176 2263 1264 2327 loco.

143 2381 224 2446 Bch.
243 2396 343 2464 1335:
369 2384 459 2446 istud
484 2383 575 2446 nulla
599 2404 719 2448 manus
742 2393 890 2468 temptet
915 2384 1042 2449 violare
1067 2385 1271 2468 sepulcrum.

143 2503 225 2567 Bch.
245 2504 344 2584 1813:
370 2505 423 2577 da,
449 2505 654 2587 quicumque
678 2504 771 2588 legiS,
796 2504 896 2569 fletus
920 2513 954 2568 et
979 2525 1081 2587 parce
1104 2504 1270 2588 sepulcro.

187 2623 230 2687 cf.
255 2623 336 2686 Bch.
366 2624 459 2699 1006,
490 2641 582 2700 1120,
611 2625 705 2708 1196,
736 2627 818 2705 1418
844 2626 897 2709 (=
916 2626 1022 2707 1432),
1052 2638 1135 2706 1532
1150 2621 1185 2707 3).

143 2743 560 2808 SimillimaCholodniak.
579 2759 677 2828 1247:
707 2746 797 2808 nolei
821 2745 958 2809 violare.
990 2759 1069 2827 1255
1077 2767 1121 2828 g:
1146 2765 1230 2827 rogo
1252 2763 1294 2806 ne

188 2864 272 2929 velis
295 2864 403 2928 tribus
426 2863 614 2947 sepulchris
638 2866 820 2929 molestari.

145 2986 212 3050 Kb.
242 3003 320 3068 119:
367 2983 490 3065 οτῆλλς
514 2981 663 3060 κε’κλνμοιν

366 3101 400 3178 ἣν
424 3103 542 3185 μορίοις
565 3103 706 3185 εὔφημος
730 3104 792 3176 uisi,
821 3102 899 3183 ξένε,
926 3104 999 3181 μηδ’
1025 3103 1075 3167 ἐπὶ
1102 3102 1188 3184 λύμῃ

366 3233 462 3307 χεῖρον
491 3224 657 3311 aarum),

188 3467 285 3530 Idem
309 3487 410 3549 saepe
435 3476 583 3549 rogatur,
607 3467 733 3531 additis
756 3465 880 3543 verbis,
904 3488 991 3549 quae
1016 3467 1107 3531 bona
1128 3476 1186 3530 aut
1207 3467 1295 3530 mala

146 3607 274 3650 morem
298 3588 429 3669 gerenti
453 3596 512 3650 aut
537 3608 605 3650 non
629 3587 760 3670 gerenti
785 3595 980 3670 precantur.

178 3879 204 3946 1)
222 3879 255 3928 ci.
276 3878 338 3928 Bch.
360 3875 441 3942 1583:
478 3876 587 3943 (amicos
606 3884 679 3942 rogat
697 3878 824 3944 mortuus)
843 3878 927 3928 vitent
946 3876 1066 3927 homines
1085 3892 1186 3943 avaros,

481 3963 590 4012 audaces
608 3970 835 4013 monumentorum
854 3964 1004 4029 sacrilogos.

480 4066 527 4114 per
545 4066 612 4115 quos
631 4050 744 4100 decessis
763 4068 897 4117 nunquam
916 4052 1079 4116 requiescere
1097 4050 1167 4100 licet.

177 4137 204 4205 2)
233 4138 383 4187 Accedebat
410 4144 494 4186 metus
522 4144 689 4202 mortuorum,
714 4153 748 4187 ne
767 4138 856 4188 sedem
875 4138 1000 4188 violatam
1018 4138 1213 4202 ulciscerentur,
1233 4153 1293 4186 nam

149 4225 195 4274 rite
219 4225 380 4290 sepultorum
405 4225 444 4274 vis
464 4224 553 4275 divina
571 4239 627 4273 esse
646 4225 808 4274 credebatur.
829 4225 862 4274 cf.
883 4225 935 4275 Kb.
958 4221 1155 4288 ιιᾳιφίνμένων
1173 4221 1291 4280 ὠκυτάτη

152 4308 269 4371 Νέμεσις,

178 4394 205 4461 3)
224 4394 258 4443 cf.
276 4410 379 4443 carmen
398 4395 492 4444 mirum
510 4393 573 4442 Bch.
593 4391 660 4456 838:
679 4394 795 4460 Hospes,
814 4394 931 4444 adhunc
950 4395 1076 4445 tumulum
1094 4410 1128 4444 ne
1137 4395 1227 4461 meias,
1235 4411 1294 4444 ossa

152 4488 285 4545 precantur
302 4488 370 4531 tecta
388 4481 511 4530 hominis.
530 4481 631 4530 Dessau
652 4479 732 4548 8202,
750 4482 829 4548 8203,
848 4481 948 4545 8207b.

176 4567 205 4634 4)
224 4568 256 4618 cf.
285 4568 546 4632 Pseudophocylidea
576 4581 640 4617 100:
678 4565 712 4626 ui
727 4563 824 4627 τύμβον
842 4564 963 4629 φθιμένων
982 4564 1107 4630 ἀνοςῦξςς,
1125 4563 1291 4626 μνδόἱθέοιτο

116 4676 120 4683 ·
153 4647 229 4718 διίξςς
246 4651 329 4714 ἠελίῳ.
348 4655 409 4705 Non
428 4662 531 4705 constat
549 4670 582 4703 an
602 4661 671 4703 recte
689 4659 854 4718 comparetur
873 4654 907 4702 A.
917 4654 945 4701 P.
966 4653 1017 4702 VII
1035 4665 1103 4716 403:

359 4739 428 4789 ἀλλὰ
446 4739 528 4798 λίθους
545 4736 589 4788 ἐπὶ
605 4737 711 4800 τύμβον,
728 4735 846 4798 ὁδοιπόρε,
865 4735 932 4798 μήτε
950 4737 983 4783 οὔ
1001 4735 1084 4798 βάλλε

425 4821 487 4884 μήτ’
506 4821 584 4872 ἄλλον
602 4821 696 4884 πείσῃς·
716 4822 786 4880 οῆμον
804 4818 920 4882 λέλογχε
938 4818 1015 4875 νέκυς.
