3134 5476
752 361 815 425 126

206 541 288 607 Βοὴ.
300 561 383 626 493:
431 541 554 606 amissa
577 549 628 605 est
651 541 810 618 coniunx,
835 560 895 605 cur
918 560 982 625 ego
1007 541 1138 624 etipse
1164 536 1302 604 moror?

205 663 287 727 Βοὴ.
305 664 405 744 1148:
430 663 546 726 omnia
565 661 655 725 Ditis
664 660 768 726 habet
781 670 1019 745 praeterquam
1032 681 1159 726 nomen
1171 679 1253 724 eoru
1266 658 1328 743 (sic
1339 658 1358 742 t)

950 781 983 864 (i.
997 802 1026 844 e.
1051 781 1158 864 patris
1181 788 1218 845 et
1241 779 1314 863 filii)

474 921 537 966 nec
561 901 722 966 comitem
747 902 817 966 nati
842 921 896 966 me
920 902 1001 966 sinit
1024 921 1097 966 esse
1123 901 1200 965 mei.

205 1030 382 1107 praeterea
416 1021 498 1086 Βοὴ.
526 1039 603 1102 424,
634 1022 710 1104 613,
745 1035 837 1106 1057,
874 1023 968 1104 1265,
998 1037 1083 1105 1550
1106 1029 1141 1086 et
1165 1020 1361 1086 Christiana

206 1161 281 1230 702,
306 1146 382 1228 708,
413 1144 505 1227 1388,
536 1160 630 1226 1433.

165 1282 169 1293 ·
206 1265 407 1331 Conferatur
430 1263 511 1328 Βοὴ.
535 1279 619 1347 972:

296 1385 393 1469 Quae
417 1385 480 1448 tibi
504 1404 650 1468 cumque
675 1385 742 1448 mei
767 1392 952 1468 potueruut
977 1385 1120 1468 pignora
1142 1383 1279 1460 amoris,

297 1513 387 1582 nata,
412 1504 494 1581 dari,
519 1503 647 1588 populo
671 1512 750 1568 sunt
773 1503 983 1569 lacrumante
1008 1507 1099 1570 data.

297 1635 332 1689 et
356 1624 446 1689 volui
471 1624 600 1688 maiora
623 1625 732 1700 nimis,
757 1626 817 1689 sed
841 1645 922 1689 cura
946 1645 1099 1690 meorum
1157 1606 1160 1610 Δ

296 1746 365 1809 fida
388 1745 458 1810 tuei
481 1745 642 1830 prohibet
667 1765 721 1808 me
745 1746 894 1810 cinerem
918 1766 991 1810 esse
1016 1747 1099 1829 rogi.

207 1865 338 1931 Similia
361 1867 453 1949 apud
479 1865 610 1930 Dessau
635 1866 740 1950 8190:

253 1986 368 2052 Mevia
379 1985 506 2070 Sophe,
520 1987 674 2070 impetra,
683 1986 711 2050 si
721 2006 808 2070 quae
817 1994 895 2050 sunt
905 1985 1035 2064 Manes,
1045 2006 1087 2050 ne
1096 1994 1168 2050 tam
1177 1985 1361 2050 scelestum

253 2107 433 2171 discidium
457 2107 651 2190 experiscar
675 2105 811 2170 diutius.

210 2235 245 2291 et
269 2227 361 2310 apud
386 2225 660 2290 Cholodniakum

210 2364 270 2431 73:
284 2367 364 2429 nam
378 2366 466 2410 nunc
475 2366 598 2429 queror
607 2352 689 2428 aput
699 2364 815 2410 manes
824 2345 895 2409 eius
905 2345 1042 2429 (uxoris)
1051 2354 1086 2410 et
1095 2343 1213 2429 flagito
1223 2346 1362 2410 Ditem:

322 2474 382 2531 aut
405 2473 440 2529 et
465 2485 519 2528 me
544 2466 676 2529 reddite
701 2484 809 2529 meae.

212 2587 292 2651 288:
318 2587 426 2650 virum
452 2593 599 2668 expecto
623 2604 747 2649 meum.

214 2721 274 2792 107
279 2721 336 2788 sa:
362 2708 429 2770 iam
449 2705 565 2770 trahor
585 2706 618 2769 in
631 2705 789 2769 tenebras
803 2705 976 2790 ducorque
989 2706 1196 2791 amplectere
1209 2707 1362 2773 fratrem.

210 2827 460 2911 Comparentur
484 2824 632 2891 Graeca:

207 2947 274 3011 Kb.
290 2947 373 3012 266:
396 2946 441 3024 μὴ
464 2943 573 3027 μύρον,
598 2943 670 3028 Φίλ’
694 2943 778 3026 ἄνερ,
800 2968 855 3023 με·
877 2944 930 3010 xxi
953 2946 1046 3019 οὗτος
1069 2947 1136 3013 ἐκεῖ
1151 2946 1214 3030 γὰρ
1228 2924 1361 3023 iterim

498 3066 635 3147 εὑρήσεις
659 3066 715 3140 τὴν
739 3067 794 3140 σὺν
818 3064 982 3147 σύννομον
1004 3068 1179 3150 Εὐτνχίνν.

207 3188 355 3271 Κὴ.558
381 3188 435 3271 (=
449 3187 476 3251 I.
490 3188 532 3254 G.
546 3188 586 3251 R.
613 3188 656 3265 ΙΙ,
684 3188 778 3272 36o):

398 3303 557 3387 τοιγάρτοι
580 3306 632 3370 aa}
659 3306 744 3384 ἐμεῖο
769 3306 960 3389 δικανοτέρνν
984 3306 1034 3372 ὅτ’
1060 3307 1190 3374 ἄκουσον

447 3426 629 3507 εὐχομένου,
655 3426 815 3502 Πλούτων,
842 3428 878 3505 ἢν
902 3429 946 3501 εἷς
970 3429 1079 3494 Ἀίδαο
1104 3430 1225 3512 περήσω

401 3547 497 3626 εὑρεῖν
521 3548 577 3622 τὴν
604 3548 684 3613 ἰδίειν
709 3548 882 3624 Φνλνκίτονν
906 3550 993 3631 nopai
1017 3550 1074 3614 σοι’.
1132 3552 1215 3615 ibid.
1241 3569 1317 3632 240.

211 3674 246 3729 et
270 3665 368 3729 Plato
392 3666 530 3732 Phaedo
553 3669 596 3733 68
610 3670 661 3734 A:
687 3673 797 3734 πολλοὶ
822 3668 857 3742 tt
877 3667 999 3742 ἑκόντες
1021 3669 1176 3746 sitilianum
1199 3669 1366 3742 εἶς”Ανδον

207 3786 318 3857 ἐλθεῖν,
352 3785 409 3850 ὑπὸ
436 3786 556 3864 ταύτης
581 3788 736 3868 ἀγόμενον
756 3797 812 3864 τῆς
840 3791 977 3865 ἐλπίδος,
1005 3798 1062 3864 τῆς
1089 3794 1142 3855 τοῦ
1166 3788 1302 3871 ὄψεσθαί
1326 3815 1366 3856 τε

209 3907 277 3972 ἐκεῖ
300 3901 339 3971 ὧν
368 3906 539 3986 ἐπεθύμουν
563 3909 615 3974 aa}
643 3909 837 3976 οννέοεοθονν.

256 4118 275 4201 g
301 4132 330 4200 5.
366 4119 500 4184 Eodem
521 4123 625 4186 modo
646 4122 802 4187 homines
823 4124 975 4207 cupiunt,
989 4124 1120 4188 tumulo
1133 4146 1169 4189 se
1182 4126 1286 4208 iungi,
1306 4134 1369 4191 aut

212 4240 410 4322 superstites
429 4241 591 4322 gaudent,
612 4251 764 4307 mortuos
783 4244 869 4307 duos
889 4243 1045 4327 pluresve
1061 4246 1184 4308 eodem
1196 4247 1368 4310 contineri

213 4359 369 4442 sepulcro
386 4357 418 4443 ¹).
451 4359 547 4443 Quae
579 4364 748 4426 sententia
779 4364 813 4426 in
846 4363 1025 4427 formulam
1049 4365 1097 4428 ita
1121 4365 1214 4442 abiit,
1237 4374 1274 4431 ut
1298 4367 1368 4432 olla

212 4480 267 4544 vel
290 4480 397 4544 titulis
421 4485 545 4546 mortui
561 4483 724 4567 iegantur
748 4504 821 4547 esse
846 4485 1028 4548 coniuncti.

247 4692 274 4760 1)
291 4695 325 4743 ci.
353 4693 419 4759 ng.
446 4694 474 4743 P.
486 4696 516 4745 L.
528 4696 560 4746 G.
580 4696 627 4745 11³
656 4712 682 4761 p.
708 4695 814 4746 662.26
840 4694 925 4762 (pepl.
946 4695 1051 4761 Arist.):
1070 4713 1124 4747 non
1143 4699 1212 4748 bene
1230 4699 1368 4752 discordes

215 4780 328 4831 tumulos
346 4781 470 4848 miscetis,
490 4782 593 4832 Achivi.
1106 4806 1109 4811 ·
