<?xml version="1.0" encoding="UTF-8"?>
<!DOCTYPE html PUBLIC "-//W3C//DTD XHTML 1.0 Transitional//EN"
    "http://www.w3.org/TR/xhtml1/DTD/xhtml1-transitional.dtd">
<html xmlns="http://www.w3.org/1999/xhtml" xml:lang="en" lang="en">
 <head>
  <title>
</title>
<meta http-equiv="Content-Type" content="text/html;charset=utf-8" />
  <meta name='ocr-system' content='tesseract 3.04.00' />
  <meta name='ocr-capabilities' content='ocr_page ocr_carea ocr_par ocr_line ocrx_word'/>
</head>
<body>
  <div class='ocr_page' id='page_1' title='image "./quaedehominumpo00bleegoog_0094.png"; bbox 0 0 3134 5476; ppageno 0'>
   <div class='ocr_carea' id='block_1_1' title="bbox 706 319 745 389">
    <p class='ocr_par' dir='ltr' id='par_1_1' title="bbox 706 319 745 389">
     <span class='ocr_line' id='line_1_1' title="bbox 706 319 745 389; baseline 0 -21"><span class='ocrx_word' id='word_1_1' title='bbox 706 319 745 389; x_wconf 86' lang='lat'>71</span> 
     </span>
    </p>
   </div>
   <div class='ocr_carea' id='block_1_2' title="bbox 151 483 1301 931">
    <p class='ocr_par' dir='ltr' id='par_1_2' title="bbox 151 483 1301 692">
     <span class='ocr_line' id='line_1_2' title="bbox 151 483 1301 571; baseline -0.007 -20"><span class='ocrx_word' id='word_1_2' title='bbox 151 489 274 571; x_wconf 92' lang='lat' dir='ltr'>quibus</span> <span class='ocrx_word' id='word_1_3' title='bbox 294 490 407 552; x_wconf 92' lang='lat' dir='ltr'>verbis</span> <span class='ocrx_word' id='word_1_4' title='bbox 420 487 587 553; x_wconf 88' lang='lat' dir='ltr'>Cerberus</span> <span class='ocrx_word' id='word_1_5' title='bbox 599 486 734 550; x_wconf 87' lang='lat' dir='ltr'><strong>insolite</strong></span> <span class='ocrx_word' id='word_1_6' title='bbox 744 486 868 550; x_wconf 89' lang='lat' dir='ltr'>dicitur</span> <span class='ocrx_word' id='word_1_7' title='bbox 876 485 949 568; x_wconf 92' lang='lat' dir='ltr'>ipse</span> <span class='ocrx_word' id='word_1_8' title='bbox 959 483 1110 567; x_wconf 88' lang='lat' dir='ltr'>rapuisse</span> <span class='ocrx_word' id='word_1_9' title='bbox 1120 489 1301 546; x_wconf 90' lang='lat' dir='ltr'>mortuam.</span> 
     </span>
     <span class='ocr_line' id='line_1_3' title="bbox 152 608 699 692; baseline -0.005 -20"><span class='ocrx_word' id='word_1_10' title='bbox 152 608 401 692; x_wconf 88' lang='lat' dir='ltr'>Comparentur</span> <span class='ocrx_word' id='word_1_11' title='bbox 423 609 467 672; x_wconf 89' lang='lat' dir='ltr'>A.</span> <span class='ocrx_word' id='word_1_12' title='bbox 483 609 518 672; x_wconf 93' lang='lat' dir='ltr'>P.</span> <span class='ocrx_word' id='word_1_13' title='bbox 544 608 613 671; x_wconf 93' lang='lat' dir='ltr'>VII</span> <span class='ocrx_word' id='word_1_14' title='bbox 637 608 699 690; x_wconf 88' lang='lat'>69:</span> 
     </span>
    </p>

    <p class='ocr_par' dir='ltr' id='par_1_3' title="bbox 151 721 1268 931">
     <span class='ocr_line' id='line_1_4' title="bbox 352 721 1169 809; baseline -0.006 -16"><span class='ocrx_word' id='word_1_15' title='bbox 352 727 496 809; x_wconf 77' lang='grc' dir='ltr'>Κέρβερε,</span> <span class='ocrx_word' id='word_1_16' title='bbox 519 725 689 805; x_wconf 79' lang='grc' dir='ltr'>δειροοιλὲιρν</span> <span class='ocrx_word' id='word_1_17' title='bbox 712 725 831 799; x_wconf 71' lang='grc' dir='ltr'><em>ύλοικύρν</em></span> <span class='ocrx_word' id='word_1_18' title='bbox 857 723 1016 789; x_wconf 76' lang='grc' dir='ltr'><em>νεκύεσσιν</em></span> <span class='ocrx_word' id='word_1_19' title='bbox 1040 721 1169 788; x_wconf 79' lang='grc' dir='ltr'><em>ἰύλλοιν.</em></span> 
     </span>
     <span class='ocr_line' id='line_1_5' title="bbox 151 840 1268 931; baseline -0.004 -20"><span class='ocrx_word' id='word_1_20' title='bbox 151 849 235 914; x_wconf 92' lang='lat' dir='ltr'><strong>ibid.</strong></span> <span class='ocrx_word' id='word_1_21' title='bbox 259 863 320 931; x_wconf 90' lang='lat'>70:</span> <span class='ocrx_word' id='word_1_22' title='bbox 351 854 419 914; x_wconf 82' lang='grc' dir='ltr'>Νῦν</span> <span class='ocrx_word' id='word_1_23' title='bbox 443 848 537 914; x_wconf 76' lang='grc' dir='ltr'><em>πλέον</em></span> <span class='ocrx_word' id='word_1_24' title='bbox 563 848 580 923; x_wconf 76' lang='grc' dir='ltr'>ἢ</span> <span class='ocrx_word' id='word_1_25' title='bbox 604 850 639 912; x_wconf 83' lang='grc' dir='ltr'>τὸ</span> <span class='ocrx_word' id='word_1_26' title='bbox 663 845 788 928; x_wconf 60' lang='lat' dir='ltr'>sapora</span> <span class='ocrx_word' id='word_1_27' title='bbox 813 845 919 918; x_wconf 81' lang='grc' dir='ltr'><em>σύλοος</em></span> <span class='ocrx_word' id='word_1_28' title='bbox 947 851 1103 926; x_wconf 70' lang='grc' dir='ltr'><em>κρατεροῖο</em></span> <span class='ocrx_word' id='word_1_29' title='bbox 1126 840 1268 924; x_wconf 78' lang='grc' dir='ltr'><em>βερέθρου</em></span> 
     </span>
    </p>
   </div>
   <div class='ocr_carea' id='block_1_3' title="bbox 396 962 1186 1051">
    <p class='ocr_par' dir='ltr' id='par_1_4' title="bbox 396 962 1186 1051">
     <span class='ocr_line' id='line_1_6' title="bbox 396 962 1186 1051; baseline -0.009 -16"><span class='ocrx_word' id='word_1_30' title='bbox 396 969 536 1049; x_wconf 85' lang='grc' dir='ltr'><em>ύμμοισιν</em></span> <span class='ocrx_word' id='word_1_31' title='bbox 561 969 743 1051; x_wconf 76' lang='grc' dir='ltr'><em>ύγρύσνοις,</em></span> <span class='ocrx_word' id='word_1_32' title='bbox 768 967 885 1049; x_wconf 78' lang='grc' dir='ltr'><em>τρισσέ,</em></span> <span class='ocrx_word' id='word_1_33' title='bbox 910 966 1075 1048; x_wconf 72' lang='grc' dir='ltr'><em>φύλασσε,</em></span> <span class='ocrx_word' id='word_1_34' title='bbox 1103 962 1186 1028; x_wconf 88' lang='grc' dir='ltr'><em>κύον.</em></span> 
     </span>
    </p>
   </div>
   <div class='ocr_carea' id='block_1_4' title="bbox 121 1089 473 1188">
    <p class='ocr_par' dir='ltr' id='par_1_5' title="bbox 121 1089 473 1188">
     <span class='ocr_line' id='line_1_7' title="bbox 121 1089 473 1188; baseline 0.006 -35"><span class='ocrx_word' id='word_1_35' title='bbox 121 1184 124 1188; x_wconf 10' lang='grc' dir='ltr'><strong>ἡ</strong></span> <span class='ocrx_word' id='word_1_36' title='bbox 151 1098 187 1153; x_wconf 92' lang='lat' dir='ltr'>et</span> <span class='ocrx_word' id='word_1_37' title='bbox 210 1089 293 1154; x_wconf 92' lang='lat' dir='ltr'><strong>ibid.</strong></span> <span class='ocrx_word' id='word_1_38' title='bbox 318 1092 371 1168; x_wconf 89' lang='lat'>66,</span> <span class='ocrx_word' id='word_1_39' title='bbox 398 1110 473 1175; x_wconf 84' lang='lat'><strong>319.</strong></span> 
     </span>
    </p>
   </div>
   <div class='ocr_carea' id='block_1_5' title="bbox 147 1354 1304 3364">
    <p class='ocr_par' dir='ltr' id='par_1_6' title="bbox 148 1354 1304 2766">
     <span class='ocr_line' id='line_1_8' title="bbox 196 1354 1303 1446; baseline -0.005 -23"><span class='ocrx_word' id='word_1_40' title='bbox 196 1360 258 1424; x_wconf 89' lang='lat' dir='ltr'>VI.</span> <span class='ocrx_word' id='word_1_41' title='bbox 285 1362 438 1445; x_wconf 80' lang='lat' dir='ltr'>Elysium</span> <span class='ocrx_word' id='word_1_42' title='bbox 462 1363 534 1426; x_wconf 92' lang='lat' dir='ltr'>sive</span> <span class='ocrx_word' id='word_1_43' title='bbox 559 1363 668 1446; x_wconf 81' lang='lat' dir='ltr'>campi</span> <span class='ocrx_word' id='word_1_44' title='bbox 690 1362 810 1445; x_wconf 80' lang='lat' dir='ltr'>Elysii,</span> <span class='ocrx_word' id='word_1_45' title='bbox 836 1358 871 1423; x_wconf 80' lang='grc' dir='ltr'>τὸ</span> <span class='ocrx_word' id='word_1_46' title='bbox 900 1355 1046 1422; x_wconf 76' lang='grc' dir='ltr'><em>Ἠλύσιον</em></span> <span class='ocrx_word' id='word_1_47' title='bbox 1074 1354 1186 1431; x_wconf 69' lang='lat' dir='ltr'>alitor,</span> <span class='ocrx_word' id='word_1_48' title='bbox 1211 1355 1303 1438; x_wconf 93' lang='lat' dir='ltr'>apud</span> 
     </span>
     <span class='ocr_line' id='line_1_9' title="bbox 151 1474 1304 1563; baseline -0.006 -20"><span class='ocrx_word' id='word_1_49' title='bbox 151 1481 341 1545; x_wconf 90' lang='lat' dir='ltr'>Homerum</span> <span class='ocrx_word' id='word_1_50' title='bbox 373 1481 450 1546; x_wconf 92' lang='lat' dir='ltr'>loco</span> <span class='ocrx_word' id='word_1_51' title='bbox 483 1483 660 1546; x_wconf 92' lang='lat' dir='ltr'>notissimo</span> <span class='ocrx_word' id='word_1_52' title='bbox 693 1481 759 1547; x_wconf 93' lang='lat' dir='ltr'>Od.</span> <span class='ocrx_word' id='word_1_53' title='bbox 782 1499 814 1561; x_wconf 89' lang='lat'>4.</span> <span class='ocrx_word' id='word_1_54' title='bbox 831 1482 893 1563; x_wconf 83' lang='lat'>563</span> <span class='ocrx_word' id='word_1_55' title='bbox 919 1484 1216 1543; x_wconf 87' lang='lat' dir='ltr'>commemoratur.</span> <span class='ocrx_word' id='word_1_56' title='bbox 1241 1474 1304 1537; x_wconf 91' lang='lat' dir='ltr'>Est</span> 
     </span>
     <span class='ocr_line' id='line_1_10' title="bbox 148 1597 1302 1683; baseline -0.004 -21"><span class='ocrx_word' id='word_1_57' title='bbox 148 1598 243 1663; x_wconf 92' lang='lat' dir='ltr'>locus</span> <span class='ocrx_word' id='word_1_58' title='bbox 266 1620 430 1664; x_wconf 89' lang='lat' dir='ltr'>amoenus</span> <span class='ocrx_word' id='word_1_59' title='bbox 453 1602 488 1664; x_wconf 93' lang='lat' dir='ltr'>in</span> <span class='ocrx_word' id='word_1_60' title='bbox 514 1601 633 1666; x_wconf 89' lang='lat' dir='ltr'>ultima</span> <span class='ocrx_word' id='word_1_61' title='bbox 656 1611 745 1665; x_wconf 90' lang='lat' dir='ltr'>terra</span> <span class='ocrx_word' id='word_1_62' title='bbox 769 1602 864 1677; x_wconf 89' lang='lat' dir='ltr'>situs,</span> <span class='ocrx_word' id='word_1_63' title='bbox 886 1619 955 1683; x_wconf 94' lang='lat' dir='ltr'>quo</span> <span class='ocrx_word' id='word_1_64' title='bbox 978 1597 1172 1661; x_wconf 90' lang='lat' dir='ltr'>Menelaum</span> <span class='ocrx_word' id='word_1_65' title='bbox 1192 1602 1302 1658; x_wconf 90' lang='lat' dir='ltr'>morte</span> 
     </span>
     <span class='ocr_line' id='line_1_11' title="bbox 149 1715 1300 1803; baseline -0.003 -22"><span class='ocrx_word' id='word_1_66' title='bbox 149 1739 217 1781; x_wconf 95' lang='lat' dir='ltr'>non</span> <span class='ocrx_word' id='word_1_67' title='bbox 241 1720 445 1796; x_wconf 84' lang='lat' dir='ltr'>conlectum,</span> <span class='ocrx_word' id='word_1_68' title='bbox 469 1723 583 1786; x_wconf 88' lang='lat' dir='ltr'>anima</span> <span class='ocrx_word' id='word_1_69' title='bbox 602 1729 723 1785; x_wconf 90' lang='lat' dir='ltr'>contra</span> <span class='ocrx_word' id='word_1_70' title='bbox 741 1729 777 1784; x_wconf 93' lang='lat' dir='ltr'>et</span> <span class='ocrx_word' id='word_1_71' title='bbox 797 1740 940 1803; x_wconf 88' lang='lat' dir='ltr'>corpore</span> <span class='ocrx_word' id='word_1_72' title='bbox 962 1719 1155 1802; x_wconf 86' lang='lat' dir='ltr'>praeditum</span> <span class='ocrx_word' id='word_1_73' title='bbox 1169 1715 1300 1780; x_wconf 90' lang='lat' dir='ltr'><strong>missuri</strong></span> 
     </span>
     <span class='ocr_line' id='line_1_12' title="bbox 150 1835 1299 1921; baseline -0.003 -19"><span class='ocrx_word' id='word_1_74' title='bbox 150 1846 228 1903; x_wconf 92' lang='lat' dir='ltr'>sunt</span> <span class='ocrx_word' id='word_1_75' title='bbox 253 1840 317 1915; x_wconf 90' lang='lat' dir='ltr'>dei,</span> <span class='ocrx_word' id='word_1_76' title='bbox 342 1849 381 1904; x_wconf 91' lang='lat' dir='ltr'>ut</span> <span class='ocrx_word' id='word_1_77' title='bbox 403 1840 450 1904; x_wconf 91' lang='lat' dir='ltr'>ibi</span> <span class='ocrx_word' id='word_1_78' title='bbox 475 1840 669 1905; x_wconf 79' lang='lat' dir='ltr'>facillimam</span> <span class='ocrx_word' id='word_1_79' title='bbox 694 1840 895 1904; x_wconf 89' lang='lat' dir='ltr'>mortalibus</span> <span class='ocrx_word' id='word_1_80' title='bbox 918 1841 1013 1902; x_wconf 92' lang='lat' dir='ltr'>vivat</span> <span class='ocrx_word' id='word_1_81' title='bbox 1036 1840 1143 1902; x_wconf 87' lang='lat' dir='ltr'>vitam</span> <span class='ocrx_word' id='word_1_82' title='bbox 1159 1835 1192 1921; x_wconf 88' lang='lat'>¹).</span> <span class='ocrx_word' id='word_1_83' title='bbox 1216 1835 1299 1900; x_wconf 94' lang='lat' dir='ltr'>Dili-</span> 
     </span>
     <span class='ocr_line' id='line_1_13' title="bbox 148 1959 1300 2043; baseline -0.003 -21"><span class='ocrx_word' id='word_1_84' title='bbox 148 1961 283 2042; x_wconf 86' lang='lat' dir='ltr'>gentius</span> <span class='ocrx_word' id='word_1_85' title='bbox 307 1981 388 2024; x_wconf 90' lang='lat' dir='ltr'>vero</span> <span class='ocrx_word' id='word_1_86' title='bbox 413 1960 495 2026; x_wconf 94' lang='lat' dir='ltr'>illud</span> <span class='ocrx_word' id='word_1_87' title='bbox 519 1959 620 2025; x_wconf 77' lang='grc' dir='ltr'><em>ιιέδιον</em></span> <span class='ocrx_word' id='word_1_88' title='bbox 647 1981 813 2043; x_wconf 89' lang='lat' dir='ltr'>nusquam</span> <span class='ocrx_word' id='word_1_89' title='bbox 835 1961 1021 2036; x_wconf 90' lang='lat' dir='ltr'>indicatur;</span> <span class='ocrx_word' id='word_1_90' title='bbox 1041 1978 1146 2022; x_wconf 92' lang='lat' dir='ltr'>unum</span> <span class='ocrx_word' id='word_1_91' title='bbox 1166 1965 1300 2020; x_wconf 85' lang='lat' dir='ltr'>tantum</span> 
     </span>
     <span class='ocr_line' id='line_1_14' title="bbox 149 2077 1302 2164; baseline -0.003 -21"><span class='ocrx_word' id='word_1_92' title='bbox 149 2089 292 2164; x_wconf 91' lang='lat' dir='ltr'>apparet</span> <span class='ocrx_word' id='word_1_93' title='bbox 323 2102 392 2145; x_wconf 92' lang='lat' dir='ltr'>non</span> <span class='ocrx_word' id='word_1_94' title='bbox 423 2082 486 2146; x_wconf 92' lang='lat' dir='ltr'>sub</span> <span class='ocrx_word' id='word_1_95' title='bbox 517 2090 617 2160; x_wconf 88' lang='lat' dir='ltr'>terra,</span> <span class='ocrx_word' id='word_1_96' title='bbox 650 2084 710 2146; x_wconf 92' lang='lat' dir='ltr'>sed</span> <span class='ocrx_word' id='word_1_97' title='bbox 735 2103 754 2146; x_wconf 93' lang='lat' dir='ltr'>a</span> <span class='ocrx_word' id='word_1_98' title='bbox 779 2081 975 2164; x_wconf 87' lang='lat' dir='ltr'>regionibus</span> <span class='ocrx_word' id='word_1_99' title='bbox 999 2080 1161 2143; x_wconf 92' lang='lat' dir='ltr'>habitatis</span> <span class='ocrx_word' id='word_1_100' title='bbox 1184 2077 1302 2162; x_wconf 91' lang='lat' dir='ltr'>procul</span> 
     </span>
     <span class='ocr_line' id='line_1_15' title="bbox 151 2199 1302 2285; baseline -0.003 -22"><span class='ocrx_word' id='word_1_101' title='bbox 151 2220 252 2283; x_wconf 92' lang='lat' dir='ltr'>supra</span> <span class='ocrx_word' id='word_1_102' title='bbox 271 2210 395 2264; x_wconf 90' lang='lat' dir='ltr'>terram</span> <span class='ocrx_word' id='word_1_103' title='bbox 417 2201 573 2285; x_wconf 89' lang='lat' dir='ltr'>Elysium</span> <span class='ocrx_word' id='word_1_104' title='bbox 593 2204 696 2266; x_wconf 94' lang='lat' dir='ltr'>situm</span> <span class='ocrx_word' id='word_1_105' title='bbox 714 2223 798 2266; x_wconf 92' lang='lat' dir='ltr'>esse.</span> <span class='ocrx_word' id='word_1_106' title='bbox 812 2202 892 2265; x_wconf 94' lang='lat' dir='ltr'>Non</span> <span class='ocrx_word' id='word_1_107' title='bbox 905 2201 1004 2284; x_wconf 93' lang='lat' dir='ltr'>pauci</span> <span class='ocrx_word' id='word_1_108' title='bbox 1016 2208 1096 2263; x_wconf 91' lang='lat' dir='ltr'>sunt</span> <span class='ocrx_word' id='word_1_109' title='bbox 1108 2199 1166 2281; x_wconf 93' lang='lat' dir='ltr'>qui</span> <span class='ocrx_word' id='word_1_110' title='bbox 1179 2205 1302 2282; x_wconf 92' lang='lat' dir='ltr'>putent</span> 
     </span>
     <span class='ocr_line' id='line_1_16' title="bbox 149 2319 1301 2406; baseline -0.003 -22"><span class='ocrx_word' id='word_1_111' title='bbox 149 2328 260 2384; x_wconf 91' lang='lat' dir='ltr'>totum</span> <span class='ocrx_word' id='word_1_112' title='bbox 283 2321 396 2386; x_wconf 92' lang='lat' dir='ltr'>locum</span> <span class='ocrx_word' id='word_1_113' title='bbox 417 2343 485 2386; x_wconf 95' lang='lat' dir='ltr'>non</span> <span class='ocrx_word' id='word_1_114' title='bbox 505 2324 671 2406; x_wconf 91' lang='lat' dir='ltr'>quadrare</span> <span class='ocrx_word' id='word_1_115' title='bbox 691 2324 725 2386; x_wconf 96' lang='lat' dir='ltr'>in</span> <span class='ocrx_word' id='word_1_116' title='bbox 739 2321 931 2406; x_wconf 91' lang='lat' dir='ltr'>Odysseam</span> <span class='ocrx_word' id='word_1_117' title='bbox 941 2319 966 2404; x_wconf 83' lang='lat'>²)</span> <span class='ocrx_word' id='word_1_118' title='bbox 985 2341 1095 2404; x_wconf 91' lang='lat' dir='ltr'>neque</span> <span class='ocrx_word' id='word_1_119' title='bbox 1116 2321 1187 2383; x_wconf 91' lang='lat' dir='ltr'>sine</span> <span class='ocrx_word' id='word_1_120' title='bbox 1200 2338 1301 2383; x_wconf 90' lang='lat' dir='ltr'>causa</span> 
     </span>
     <span class='ocr_line' id='line_1_17' title="bbox 149 2440 1301 2527; baseline 0.001 -24"><span class='ocrx_word' id='word_1_121' title='bbox 149 2441 184 2504; x_wconf 94' lang='lat' dir='ltr'>id</span> <span class='ocrx_word' id='word_1_122' title='bbox 212 2442 348 2506; x_wconf 92' lang='lat' dir='ltr'>videtur</span> <span class='ocrx_word' id='word_1_123' title='bbox 372 2444 482 2526; x_wconf 89' lang='lat' dir='ltr'>putari</span> <span class='ocrx_word' id='word_1_124' title='bbox 497 2440 537 2527; x_wconf 79' lang='lat'>³);</span> <span class='ocrx_word' id='word_1_125' title='bbox 564 2445 702 2507; x_wconf 91' lang='lat' dir='ltr'>minime</span> <span class='ocrx_word' id='word_1_126' title='bbox 726 2464 808 2508; x_wconf 92' lang='lat' dir='ltr'>vero</span> <span class='ocrx_word' id='word_1_127' title='bbox 832 2444 876 2508; x_wconf 92' lang='lat' dir='ltr'>ab</span> <span class='ocrx_word' id='word_1_128' title='bbox 901 2444 1054 2507; x_wconf 91' lang='lat' dir='ltr'>Homero</span> <span class='ocrx_word' id='word_1_129' title='bbox 1078 2441 1225 2506; x_wconf 91' lang='lat' dir='ltr'>alienum</span> <span class='ocrx_word' id='word_1_130' title='bbox 1249 2448 1301 2504; x_wconf 93' lang='lat' dir='ltr'>est</span> 
     </span>
     <span class='ocr_line' id='line_1_18' title="bbox 150 2559 1300 2646; baseline -0.002 -22"><span class='ocrx_word' id='word_1_131' title='bbox 150 2560 324 2625; x_wconf 91' lang='lat' dir='ltr'>hominem</span> <span class='ocrx_word' id='word_1_132' title='bbox 355 2563 472 2626; x_wconf 92' lang='lat' dir='ltr'>vivum</span> <span class='ocrx_word' id='word_1_133' title='bbox 503 2583 523 2626; x_wconf 93' lang='lat' dir='ltr'>a</span> <span class='ocrx_word' id='word_1_134' title='bbox 546 2564 611 2627; x_wconf 92' lang='lat' dir='ltr'>diis</span> <span class='ocrx_word' id='word_1_135' title='bbox 633 2585 653 2628; x_wconf 93' lang='lat' dir='ltr'>e</span> <span class='ocrx_word' id='word_1_136' title='bbox 677 2565 749 2627; x_wconf 92' lang='lat' dir='ltr'>vita</span> <span class='ocrx_word' id='word_1_137' title='bbox 770 2564 881 2646; x_wconf 90' lang='lat' dir='ltr'>abripi</span> <span class='ocrx_word' id='word_1_138' title='bbox 894 2560 919 2646; x_wconf 75' lang='grc'>4)</span> <span class='ocrx_word' id='word_1_139' title='bbox 942 2583 1089 2645; x_wconf 92' lang='lat' dir='ltr'>eumque</span> <span class='ocrx_word' id='word_1_140' title='bbox 1113 2562 1220 2625; x_wconf 89' lang='lat' dir='ltr'>secuti</span> <span class='ocrx_word' id='word_1_141' title='bbox 1244 2559 1300 2624; x_wconf 89' lang='lat' dir='ltr'>alii</span> 
     </span>
     <span class='ocr_line' id='line_1_19' title="bbox 149 2680 936 2766; baseline 0.003 -22"><span class='ocrx_word' id='word_1_142' title='bbox 149 2681 233 2745; x_wconf 89' lang='lat' dir='ltr'>alios</span> <span class='ocrx_word' id='word_1_143' title='bbox 256 2681 427 2746; x_wconf 90' lang='lat' dir='ltr'>finxerunt</span> <span class='ocrx_word' id='word_1_144' title='bbox 451 2685 573 2747; x_wconf 90' lang='lat' dir='ltr'>eodem</span> <span class='ocrx_word' id='word_1_145' title='bbox 598 2685 702 2748; x_wconf 91' lang='lat' dir='ltr'>modo</span> <span class='ocrx_word' id='word_1_146' title='bbox 726 2683 888 2766; x_wconf 90' lang='lat' dir='ltr'>abreptos</span> <span class='ocrx_word' id='word_1_147' title='bbox 901 2680 936 2765; x_wconf 77' lang='grc'>5).</span> 
     </span>
    </p>

    <p class='ocr_par' dir='ltr' id='par_1_7' title="bbox 147 2800 1300 3364">
     <span class='ocr_line' id='line_1_20' title="bbox 194 2800 1299 2887; baseline -0.003 -22"><span class='ocrx_word' id='word_1_148' title='bbox 194 2802 376 2866; x_wconf 89' lang='lat' dir='ltr'>Beatorum</span> <span class='ocrx_word' id='word_1_149' title='bbox 418 2802 553 2878; x_wconf 86' lang='lat' dir='ltr'>insulas,</span> <span class='ocrx_word' id='word_1_150' title='bbox 600 2824 743 2887; x_wconf 89' lang='lat' dir='ltr'>quarum</span> <span class='ocrx_word' id='word_1_151' title='bbox 785 2805 853 2867; x_wconf 90' lang='lat' dir='ltr'>iam</span> <span class='ocrx_word' id='word_1_152' title='bbox 895 2802 987 2886; x_wconf 92' lang='lat' dir='ltr'>apud</span> <span class='ocrx_word' id='word_1_153' title='bbox 1029 2801 1219 2867; x_wconf 91' lang='lat' dir='ltr'>Hesiodum</span> <span class='ocrx_word' id='word_1_154' title='bbox 1261 2800 1299 2863; x_wconf 89' lang='lat' dir='ltr'>fit</span> 
     </span>
     <span class='ocr_line' id='line_1_21' title="bbox 149 2921 1299 3007; baseline -0.001 -21"><span class='ocrx_word' id='word_1_155' title='bbox 149 2923 277 2986; x_wconf 92' lang='lat' dir='ltr'>mentio</span> <span class='ocrx_word' id='word_1_156' title='bbox 287 2921 323 3004; x_wconf 76' lang='lat'>⁰),</span> <span class='ocrx_word' id='word_1_157' title='bbox 347 2923 551 3005; x_wconf 90' lang='lat' dir='ltr'>posteriores</span> <span class='ocrx_word' id='word_1_158' title='bbox 574 2944 677 3007; x_wconf 92' lang='lat' dir='ltr'>saepe</span> <span class='ocrx_word' id='word_1_159' title='bbox 701 2931 972 2987; x_wconf 91' lang='lat' dir='ltr'>commemorant</span> <span class='ocrx_word' id='word_1_160' title='bbox 992 2924 1114 2987; x_wconf 92' lang='lat' dir='ltr'>eadem</span> <span class='ocrx_word' id='word_1_161' title='bbox 1133 2922 1299 3006; x_wconf 87' lang='lat' dir='ltr'>significa·</span> 
     </span>
     <span class='ocr_line' id='line_1_22' title="bbox 148 3042 1300 3128; baseline 0.002 -24"><span class='ocrx_word' id='word_1_162' title='bbox 148 3042 241 3105; x_wconf 87' lang='lat' dir='ltr'>tione</span> <span class='ocrx_word' id='word_1_163' title='bbox 266 3050 368 3125; x_wconf 87' lang='lat' dir='ltr'>atque</span> <span class='ocrx_word' id='word_1_164' title='bbox 390 3043 547 3126; x_wconf 91' lang='lat' dir='ltr'>Elysium</span> <span class='ocrx_word' id='word_1_165' title='bbox 566 3053 602 3108; x_wconf 92' lang='lat' dir='ltr'>et</span> <span class='ocrx_word' id='word_1_166' title='bbox 622 3065 700 3128; x_wconf 91' lang='lat' dir='ltr'>pars</span> <span class='ocrx_word' id='word_1_167' title='bbox 712 3045 820 3108; x_wconf 91' lang='lat' dir='ltr'>maior</span> <span class='ocrx_word' id='word_1_168' title='bbox 833 3066 951 3109; x_wconf 90' lang='lat' dir='ltr'>eorum</span> <span class='ocrx_word' id='word_1_169' title='bbox 964 3046 1022 3128; x_wconf 92' lang='lat' dir='ltr'>qui</span> <span class='ocrx_word' id='word_1_170' title='bbox 1035 3046 1134 3109; x_wconf 91' lang='lat' dir='ltr'>sedes</span> <span class='ocrx_word' id='word_1_171' title='bbox 1146 3043 1300 3108; x_wconf 89' lang='lat' dir='ltr'>habitare</span> 
     </span>
     <span class='ocr_line' id='line_1_23' title="bbox 147 3162 1299 3248; baseline 0.002 -24"><span class='ocrx_word' id='word_1_172' title='bbox 147 3162 316 3225; x_wconf 88' lang='lat' dir='ltr'>seiunctas</span> <span class='ocrx_word' id='word_1_173' title='bbox 351 3172 511 3247; x_wconf 90' lang='lat' dir='ltr'>putarent</span> <span class='ocrx_word' id='word_1_174' title='bbox 545 3185 613 3241; x_wconf 88' lang='lat' dir='ltr'>eos,</span> <span class='ocrx_word' id='word_1_175' title='bbox 650 3167 708 3248; x_wconf 93' lang='lat' dir='ltr'>qui</span> <span class='ocrx_word' id='word_1_176' title='bbox 744 3175 837 3230; x_wconf 90' lang='lat' dir='ltr'>caste</span> <span class='ocrx_word' id='word_1_177' title='bbox 873 3167 978 3230; x_wconf 87' lang='lat' dir='ltr'>vitam</span> <span class='ocrx_word' id='word_1_178' title='bbox 1013 3186 1109 3228; x_wconf 87' lang='lat' dir='ltr'>suam</span> <span class='ocrx_word' id='word_1_179' title='bbox 1140 3166 1299 3247; x_wconf 85' lang='lat' dir='ltr'>egissent,</span> 
     </span>
     <span class='ocr_line' id='line_1_24' title="bbox 147 3280 1299 3364; baseline 0.003 -21"><span class='ocrx_word' id='word_1_180' title='bbox 147 3280 303 3364; x_wconf 91' lang='lat' dir='ltr'>Elysium</span> <span class='ocrx_word' id='word_1_181' title='bbox 334 3282 416 3348; x_wconf 89' lang='lat' dir='ltr'>illud</span> <span class='ocrx_word' id='word_1_182' title='bbox 441 3284 496 3348; x_wconf 94' lang='lat' dir='ltr'>vel</span> <span class='ocrx_word' id='word_1_183' title='bbox 519 3283 768 3349; x_wconf 80' lang='lat' dir='ltr'>fortunatorum</span> <span class='ocrx_word' id='word_1_184' title='bbox 792 3285 917 3349; x_wconf 91' lang='lat' dir='ltr'>insulas</span> <span class='ocrx_word' id='word_1_185' title='bbox 940 3284 1026 3349; x_wconf 85' lang='lat' dir='ltr'>infra</span> <span class='ocrx_word' id='word_1_186' title='bbox 1048 3293 1174 3348; x_wconf 91' lang='lat' dir='ltr'>terram</span> <span class='ocrx_word' id='word_1_187' title='bbox 1197 3282 1299 3347; x_wconf 92' lang='lat' dir='ltr'>collo-</span> 
     </span>
    </p>
   </div>
   <div class='ocr_carea' id='block_1_6' title="bbox 147 3676 1299 4783">
    <p class='ocr_par' dir='ltr' id='par_1_8' title="bbox 181 3676 1043 3752">
     <span class='ocr_line' id='line_1_25' title="bbox 181 3676 1043 3752; baseline 0.01 -25"><span class='ocrx_word' id='word_1_188' title='bbox 181 3676 207 3744; x_wconf 92' lang='lat'>1)</span> <span class='ocrx_word' id='word_1_189' title='bbox 226 3678 260 3728; x_wconf 85' lang='lat' dir='ltr'>cl.</span> <span class='ocrx_word' id='word_1_190' title='bbox 280 3678 436 3730; x_wconf 86' lang='lat' dir='ltr'>Aristoteles</span> <span class='ocrx_word' id='word_1_191' title='bbox 454 3681 526 3746; x_wconf 91' lang='lat' dir='ltr'>apud</span> <span class='ocrx_word' id='word_1_192' title='bbox 544 3682 610 3748; x_wconf 87' lang='lat' dir='ltr'>ng.</span> <span class='ocrx_word' id='word_1_193' title='bbox 629 3683 657 3733; x_wconf 90' lang='lat' dir='ltr'>P.</span> <span class='ocrx_word' id='word_1_194' title='bbox 668 3684 699 3733; x_wconf 93' lang='lat' dir='ltr'>L.</span> <span class='ocrx_word' id='word_1_195' title='bbox 710 3683 742 3734; x_wconf 91' lang='lat' dir='ltr'>G.</span> <span class='ocrx_word' id='word_1_196' title='bbox 762 3683 806 3733; x_wconf 93' lang='grc'>113</span> <span class='ocrx_word' id='word_1_197' title='bbox 825 3700 852 3749; x_wconf 91' lang='lat' dir='ltr'>p.</span> <span class='ocrx_word' id='word_1_198' title='bbox 871 3685 932 3750; x_wconf 85' lang='lat'><strong>650.</strong></span> <span class='ocrx_word' id='word_1_199' title='bbox 952 3684 1043 3752; x_wconf 78' lang='lat'>3(12):</span> 
     </span>
    </p>

    <p class='ocr_par' dir='ltr' id='par_1_9' title="bbox 322 3761 1004 3914">
     <span class='ocr_line' id='line_1_26' title="bbox 322 3761 1004 3833; baseline 0.009 -20"><span class='ocrx_word' id='word_1_200' title='bbox 322 3762 418 3826; x_wconf 74' lang='grc' dir='ltr'><em>ύλβιος,</em></span> <span class='ocrx_word' id='word_1_201' title='bbox 435 3761 454 3814; x_wconf 74' lang='grc' dir='ltr'><strong><em>ὦ</em></strong></span> <span class='ocrx_word' id='word_1_202' title='bbox 470 3764 592 3824; x_wconf 75' lang='grc' dir='ltr'>Μενέλαε,</span> <span class='ocrx_word' id='word_1_203' title='bbox 611 3766 644 3816; x_wconf 89' lang='grc' dir='ltr'>σύ</span> <span class='ocrx_word' id='word_1_204' title='bbox 661 3769 688 3817; x_wconf 76' lang='grc' dir='ltr'>τ’</span> <span class='ocrx_word' id='word_1_205' title='bbox 705 3767 829 3828; x_wconf 62' lang='lat' dir='ltr'>dirivatae</span> <span class='ocrx_word' id='word_1_206' title='bbox 847 3768 890 3818; x_wconf 72' lang='lat' dir='ltr'>nal</span> <span class='ocrx_word' id='word_1_207' title='bbox 906 3768 1004 3833; x_wconf 72' lang='grc' dir='ltr'><em>ἀγήρως</em></span> 
     </span>
     <span class='ocr_line' id='line_1_27' title="bbox 327 3841 932 3914; baseline 0.012 -20"><span class='ocrx_word' id='word_1_208' title='bbox 327 3841 351 3894; x_wconf 80' lang='grc' dir='ltr'>ἔν</span> <span class='ocrx_word' id='word_1_209' title='bbox 370 3845 485 3910; x_wconf 78' lang='grc' dir='ltr'><em>μοιιιύρνιν</em></span> <span class='ocrx_word' id='word_1_210' title='bbox 503 3846 595 3910; x_wconf 73' lang='grc' dir='ltr'><em>νήσοις,</em></span> <span class='ocrx_word' id='word_1_211' title='bbox 611 3850 714 3912; x_wconf 75' lang='grc' dir='ltr'><em>γαμβρὲ</em></span> <span class='ocrx_word' id='word_1_212' title='bbox 731 3850 790 3909; x_wconf 75' lang='grc' dir='ltr'>Διὸς</span> <span class='ocrx_word' id='word_1_213' title='bbox 807 3849 932 3914; x_wconf 72' lang='grc' dir='ltr'><em>μεγάλου.</em></span> 
     </span>
    </p>

    <p class='ocr_par' dir='ltr' id='par_1_10' title="bbox 177 3931 785 4001">
     <span class='ocr_line' id='line_1_28' title="bbox 177 3931 785 4001; baseline 0.008 -19"><span class='ocrx_word' id='word_1_214' title='bbox 177 3931 206 3998; x_wconf 86' lang='lat'>2)</span> <span class='ocrx_word' id='word_1_215' title='bbox 224 3932 257 3982; x_wconf 87' lang='lat' dir='ltr'>ei.</span> <span class='ocrx_word' id='word_1_216' title='bbox 277 3931 371 3982; x_wconf 90' lang='lat' dir='ltr'>Rohde</span> <span class='ocrx_word' id='word_1_217' title='bbox 389 3933 408 3984; x_wconf 90' lang='lat' dir='ltr'>l.</span> <span class='ocrx_word' id='word_1_218' title='bbox 417 3933 436 3983; x_wconf 95' lang='lat' dir='ltr'>l.</span> <span class='ocrx_word' id='word_1_219' title='bbox 455 3935 485 3984; x_wconf 99' lang='grc'>13</span> <span class='ocrx_word' id='word_1_220' title='bbox 504 3952 533 4001; x_wconf 91' lang='lat' dir='ltr'>p.</span> <span class='ocrx_word' id='word_1_221' title='bbox 554 3946 588 3999; x_wconf 91' lang='lat'>7⁰</span> <span class='ocrx_word' id='word_1_222' title='bbox 606 3943 632 3986; x_wconf 88' lang='lat' dir='ltr'>et</span> <span class='ocrx_word' id='word_1_223' title='bbox 650 3937 739 3987; x_wconf 83' lang='lat' dir='ltr'>adnot.</span> <span class='ocrx_word' id='word_1_224' title='bbox 763 3950 785 3987; x_wconf 89' lang='lat'>1.</span> 
     </span>
    </p>

    <p class='ocr_par' dir='ltr' id='par_1_11' title="bbox 177 4019 652 4088">
     <span class='ocr_line' id='line_1_29' title="bbox 177 4019 652 4088; baseline 0.011 -19"><span class='ocrx_word' id='word_1_225' title='bbox 177 4019 206 4087; x_wconf 86' lang='lat'>3)</span> <span class='ocrx_word' id='word_1_226' title='bbox 224 4020 257 4070; x_wconf 87' lang='lat' dir='ltr'>ci.</span> <span class='ocrx_word' id='word_1_227' title='bbox 276 4021 370 4070; x_wconf 92' lang='lat' dir='ltr'>Rohde</span> <span class='ocrx_word' id='word_1_228' title='bbox 389 4020 435 4072; x_wconf 93' lang='lat' dir='ltr'>l.l.</span> <span class='ocrx_word' id='word_1_229' title='bbox 453 4038 518 4088; x_wconf 84' lang='lat' dir='ltr'><strong>pgg.</strong></span> <span class='ocrx_word' id='word_1_230' title='bbox 538 4034 652 4088; x_wconf 85' lang='lat'><strong>77-79.</strong></span> 
     </span>
    </p>

    <p class='ocr_par' dir='ltr' id='par_1_12' title="bbox 147 4107 1299 4523">
     <span class='ocr_line' id='line_1_30' title="bbox 175 4107 1298 4178; baseline 0.008 -22"><span class='ocrx_word' id='word_1_231' title='bbox 175 4107 206 4175; x_wconf 93' lang='lat'>4)</span> <span class='ocrx_word' id='word_1_232' title='bbox 224 4107 257 4157; x_wconf 86' lang='lat' dir='ltr'>ci.</span> <span class='ocrx_word' id='word_1_233' title='bbox 276 4107 370 4157; x_wconf 88' lang='lat' dir='ltr'>Rohde</span> <span class='ocrx_word' id='word_1_234' title='bbox 389 4108 433 4158; x_wconf 91' lang='lat' dir='ltr'>l.l.</span> <span class='ocrx_word' id='word_1_235' title='bbox 458 4126 485 4175; x_wconf 91' lang='lat' dir='ltr'>p.</span> <span class='ocrx_word' id='word_1_236' title='bbox 506 4111 554 4173; x_wconf 84' lang='lat'>76:</span> <span class='ocrx_word' id='word_1_237' title='bbox 582 4112 687 4176; x_wconf 82' lang='lat' dir='ltr'>„Wenn</span> <span class='ocrx_word' id='word_1_238' title='bbox 711 4111 768 4160; x_wconf 91' lang='lat' dir='ltr'>also</span> <span class='ocrx_word' id='word_1_239' title='bbox 794 4111 929 4162; x_wconf 80' lang='lat' dir='ltr'>Menelaos</span> <span class='ocrx_word' id='word_1_240' title='bbox 949 4112 1074 4178; x_wconf 89' lang='lat' dir='ltr'>lebendig</span> <span class='ocrx_word' id='word_1_241' title='bbox 1093 4115 1213 4165; x_wconf 83' lang='lat' dir='ltr'>entriickt</span> <span class='ocrx_word' id='word_1_242' title='bbox 1232 4115 1298 4165; x_wconf 87' lang='lat' dir='ltr'>wird</span> 
     </span>
     <span class='ocr_line' id='line_1_31' title="bbox 148 4194 1299 4268; baseline 0.009 -25"><span class='ocrx_word' id='word_1_243' title='bbox 148 4195 232 4259; x_wconf 81' lang='lat' dir='ltr'>„nach</span> <span class='ocrx_word' id='word_1_244' title='bbox 257 4194 344 4244; x_wconf 88' lang='lat' dir='ltr'>einem</span> <span class='ocrx_word' id='word_1_245' title='bbox 369 4195 461 4246; x_wconf 80' lang='lat' dir='ltr'>semen</span> <span class='ocrx_word' id='word_1_246' title='bbox 480 4198 573 4248; x_wconf 83' lang='lat' dir='ltr'>Laude</span> <span class='ocrx_word' id='word_1_247' title='bbox 592 4214 625 4247; x_wconf 91' lang='lat' dir='ltr'>an</span> <span class='ocrx_word' id='word_1_248' title='bbox 645 4198 696 4247; x_wconf 90' lang='lat' dir='ltr'>den</span> <span class='ocrx_word' id='word_1_249' title='bbox 715 4199 834 4248; x_wconf 77' lang='lat' dir='ltr'>Grenzen</span> <span class='ocrx_word' id='word_1_250' title='bbox 854 4198 900 4248; x_wconf 88' lang='lat' dir='ltr'>der</span> <span class='ocrx_word' id='word_1_251' title='bbox 918 4199 998 4266; x_wconf 83' lang='lat' dir='ltr'>Erde,</span> <span class='ocrx_word' id='word_1_252' title='bbox 1016 4217 1059 4250; x_wconf 92' lang='lat' dir='ltr'>um</span> <span class='ocrx_word' id='word_1_253' title='bbox 1078 4201 1137 4251; x_wconf 89' lang='lat' dir='ltr'>dort</span> <span class='ocrx_word' id='word_1_254' title='bbox 1156 4202 1184 4251; x_wconf 89' lang='lat' dir='ltr'>in</span> <span class='ocrx_word' id='word_1_255' title='bbox 1203 4202 1299 4268; x_wconf 84' lang='lat' dir='ltr'>ewiger</span> 
     </span>
     <span class='ocr_line' id='line_1_32' title="bbox 148 4281 1297 4355; baseline 0.009 -25"><span class='ocrx_word' id='word_1_256' title='bbox 148 4281 291 4347; x_wconf 80' lang='lat' dir='ltr'>„Seligkeit</span> <span class='ocrx_word' id='word_1_257' title='bbox 315 4299 346 4332; x_wconf 90' lang='lat' dir='ltr'>zu</span> <span class='ocrx_word' id='word_1_258' title='bbox 364 4284 455 4351; x_wconf 79' lang='lat' dir='ltr'>leben,</span> <span class='ocrx_word' id='word_1_259' title='bbox 474 4300 503 4334; x_wconf 91' lang='lat' dir='ltr'>so</span> <span class='ocrx_word' id='word_1_260' title='bbox 522 4285 557 4334; x_wconf 92' lang='lat' dir='ltr'>ist</span> <span class='ocrx_word' id='word_1_261' title='bbox 576 4285 622 4335; x_wconf 88' lang='lat' dir='ltr'>das</span> <span class='ocrx_word' id='word_1_262' title='bbox 641 4302 707 4335; x_wconf 87' lang='lat' dir='ltr'>zwar</span> <span class='ocrx_word' id='word_1_263' title='bbox 725 4286 769 4335; x_wconf 90' lang='lat' dir='ltr'>ein</span> <span class='ocrx_word' id='word_1_264' title='bbox 787 4286 914 4353; x_wconf 77' lang='lat' dir='ltr'>Wunder,</span> <span class='ocrx_word' id='word_1_265' title='bbox 932 4288 995 4336; x_wconf 88' lang='lat' dir='ltr'>aber</span> <span class='ocrx_word' id='word_1_266' title='bbox 1013 4288 1057 4338; x_wconf 87' lang='lat' dir='ltr'>ein</span> <span class='ocrx_word' id='word_1_267' title='bbox 1076 4288 1186 4355; x_wconf 84' lang='lat' dir='ltr'>solches‚</span> <span class='ocrx_word' id='word_1_268' title='bbox 1205 4289 1251 4339; x_wconf 84' lang='lat' dir='ltr'>das</span> <span class='ocrx_word' id='word_1_269' title='bbox 1269 4291 1297 4340; x_wconf 90' lang='lat' dir='ltr'>in</span> 
     </span>
     <span class='ocr_line' id='line_1_33' title="bbox 148 4368 1297 4438; baseline 0.009 -22"><span class='ocrx_word' id='word_1_270' title='bbox 148 4368 353 4432; x_wconf 77' lang='lat' dir='ltr'>„homerischem</span> <span class='ocrx_word' id='word_1_271' title='bbox 382 4370 484 4421; x_wconf 89' lang='lat' dir='ltr'>Glaube</span> <span class='ocrx_word' id='word_1_272' title='bbox 514 4372 586 4421; x_wconf 89' lang='lat' dir='ltr'>seine</span> <span class='ocrx_word' id='word_1_273' title='bbox 614 4372 833 4438; x_wconf 83' lang='lat' dir='ltr'>Rechtiertiguug</span> <span class='ocrx_word' id='word_1_274' title='bbox 857 4373 912 4423; x_wconf 89' lang='lat' dir='ltr'>und</span> <span class='ocrx_word' id='word_1_275' title='bbox 937 4374 1010 4425; x_wconf 89' lang='lat' dir='ltr'>seine</span> <span class='ocrx_word' id='word_1_276' title='bbox 1029 4375 1170 4425; x_wconf 86' lang='lat' dir='ltr'>Vorbilder</span> <span class='ocrx_word' id='word_1_277' title='bbox 1189 4375 1297 4426; x_wconf 86' lang='lat' dir='ltr'>findet’&#39;.</span> 
     </span>
     <span class='ocr_line' id='line_1_34' title="bbox 147 4455 726 4523; baseline 0.007 -19"><span class='ocrx_word' id='word_1_278' title='bbox 147 4455 179 4504; x_wconf 85' lang='lat' dir='ltr'>ci.</span> <span class='ocrx_word' id='word_1_279' title='bbox 198 4471 262 4520; x_wconf 83' lang='lat' dir='ltr'><strong>pgg.</strong></span> <span class='ocrx_word' id='word_1_280' title='bbox 282 4466 396 4522; x_wconf 84' lang='lat'><strong>70-75.</strong></span> <span class='ocrx_word' id='word_1_281' title='bbox 416 4457 553 4508; x_wconf 89' lang='lat' dir='ltr'>Dieterich</span> <span class='ocrx_word' id='word_1_282' title='bbox 572 4458 616 4508; x_wconf 90' lang='lat'><strong>1.1.</strong></span> <span class='ocrx_word' id='word_1_283' title='bbox 636 4474 663 4523; x_wconf 84' lang='lat' dir='ltr'>p.</span> <span class='ocrx_word' id='word_1_284' title='bbox 684 4472 726 4509; x_wconf 89' lang='lat'>20.</span> 
     </span>
    </p>

    <p class='ocr_par' dir='ltr' id='par_1_13' title="bbox 175 4541 767 4610">
     <span class='ocr_line' id='line_1_35' title="bbox 175 4541 767 4610; baseline 0.007 -18"><span class='ocrx_word' id='word_1_285' title='bbox 175 4541 203 4608; x_wconf 84' lang='lat'>5)</span> <span class='ocrx_word' id='word_1_286' title='bbox 221 4543 254 4592; x_wconf 88' lang='lat' dir='ltr'>cf.</span> <span class='ocrx_word' id='word_1_287' title='bbox 273 4543 367 4594; x_wconf 91' lang='lat' dir='ltr'>Rohde</span> <span class='ocrx_word' id='word_1_288' title='bbox 386 4544 428 4594; x_wconf 92' lang='lat' dir='ltr'>l.l.</span> <span class='ocrx_word' id='word_1_289' title='bbox 449 4544 493 4593; x_wconf 86' lang='lat'>11³</span> <span class='ocrx_word' id='word_1_290' title='bbox 513 4561 540 4610; x_wconf 89' lang='lat' dir='ltr'>p.</span> <span class='ocrx_word' id='word_1_291' title='bbox 561 4546 614 4610; x_wconf 86' lang='lat'>369</span> <span class='ocrx_word' id='word_1_292' title='bbox 633 4545 723 4595; x_wconf 88' lang='lat' dir='ltr'>adnot.</span> <span class='ocrx_word' id='word_1_293' title='bbox 742 4560 767 4596; x_wconf 88' lang='lat'>2.</span> 
     </span>
    </p>

    <p class='ocr_par' dir='ltr' id='par_1_14' title="bbox 176 4627 1227 4697">
     <span class='ocr_line' id='line_1_36' title="bbox 176 4627 1227 4697; baseline 0.005 -19"><span class='ocrx_word' id='word_1_294' title='bbox 176 4627 206 4695; x_wconf 91' lang='lat'>6)</span> <span class='ocrx_word' id='word_1_295' title='bbox 223 4629 257 4679; x_wconf 86' lang='lat' dir='ltr'>cs.</span> <span class='ocrx_word' id='word_1_296' title='bbox 277 4629 366 4694; x_wconf 86' lang='lat' dir='ltr'>Opera</span> <span class='ocrx_word' id='word_1_297' title='bbox 384 4636 410 4680; x_wconf 89' lang='lat' dir='ltr'>et</span> <span class='ocrx_word' id='word_1_298' title='bbox 428 4631 493 4680; x_wconf 89' lang='lat' dir='ltr'>Dies</span> <span class='ocrx_word' id='word_1_299' title='bbox 516 4641 579 4693; x_wconf 88' lang='lat'>170:</span> <span class='ocrx_word' id='word_1_300' title='bbox 618 4627 661 4678; x_wconf 73' lang='lat' dir='ltr'>nai</span> <span class='ocrx_word' id='word_1_301' title='bbox 678 4627 719 4678; x_wconf 78' lang='lat' dir='ltr'>roi</span> <span class='ocrx_word' id='word_1_302' title='bbox 735 4629 781 4691; x_wconf 73' lang='grc' dir='ltr'>μὶν</span> <span class='ocrx_word' id='word_1_303' title='bbox 798 4630 907 4681; x_wconf 80' lang='grc' dir='ltr'><em>νοιίονσιν</em></span> <span class='ocrx_word' id='word_1_304' title='bbox 924 4629 1020 4690; x_wconf 67' lang='lat' dir='ltr'>dualia</span> <span class='ocrx_word' id='word_1_305' title='bbox 1039 4630 1227 4697; x_wconf 66' lang='lat' dir='ltr'>lupiuixovrrc</span> 
     </span>
    </p>

    <p class='ocr_par' dir='ltr' id='par_1_15' title="bbox 615 4713 1244 4783">
     <span class='ocr_line' id='line_1_37' title="bbox 615 4713 1244 4783; baseline 0.011 -18"><span class='ocrx_word' id='word_1_306' title='bbox 615 4713 640 4766; x_wconf 81' lang='grc' dir='ltr'>ἐν</span> <span class='ocrx_word' id='word_1_307' title='bbox 658 4714 774 4779; x_wconf 77' lang='grc' dir='ltr'><em>μιικύροιν</em></span> <span class='ocrx_word' id='word_1_308' title='bbox 791 4716 887 4776; x_wconf 75' lang='grc' dir='ltr'><em>νήσοισι</em></span> <span class='ocrx_word' id='word_1_309' title='bbox 907 4720 966 4782; x_wconf 78' lang='grc' dir='ltr'>παρ’</span> <span class='ocrx_word' id='word_1_310' title='bbox 977 4720 1097 4770; x_wconf 70' lang='lat' dir='ltr'>’oneum</span> <span class='ocrx_word' id='word_1_311' title='bbox 1106 4719 1244 4783; x_wconf 76' lang='grc' dir='ltr'><em>βιιύνδίνιρν.</em></span> 
     </span>
    </p>
   </div>
   <div class='ocr_carea' id='block_1_7' title="bbox 0 0 1572 5476">
    <p class='ocr_par' dir='ltr' id='par_1_16' title="bbox 0 0 1572 5476">
     <span class='ocr_line' id='line_1_38' title="bbox 0 0 1572 5476; baseline 0 1"><span class='ocrx_word' id='word_1_312' title='bbox 0 0 1572 5476; x_wconf 95' lang='lat' dir='ltr'> </span> 
     </span>
    </p>
   </div>
  </div>
 </body>
</html>
