3134 5476
616 1386 840 1482 CAPUT
869 1389 958 1478 llll

357 1599 434 1664 QUO
466 1597 757 1659 INVESTIGATUR,
790 1596 868 1660 QUO
892 1595 1004 1646 MODO
1031 1593 1090 1646 sl'r
1121 1595 1225 1659 QUOD

539 1718 629 1769 POST
654 1716 817 1768 MORTEM
841 1714 1036 1765 REMANET.

692 1921 887 1936 -ψ--

249 2123 268 2206 ξ
296 2142 323 2187 1.
359 2121 456 2205 Quae
480 2121 572 2205 apud
598 2119 773 2184 Rohdium
796 2118 941 2203 (Psyche
965 2116 1007 2182 1³
1027 2140 1061 2203 p.
1085 2119 1160 2202 246)
1182 2118 1357 2202 leguntur:

210 2243 307 2324 ,wie
331 2242 414 2307 aller
433 2239 468 2326 (l)
490 2241 578 2317 cult,
597 2240 656 2304 hat
676 2261 711 2303 es
731 2241 792 2303 der
812 2239 1006 2305 Seelencult
1027 2239 1123 2303 mehr
1143 2262 1183 2303 zu
1199 2239 1284 2303 thun
1299 2240 1361 2304 mit

211 2363 309 2444 „dem
334 2361 549 2427 Verhiiltniss
572 2362 634 2425 des
658 2361 834 2424 Daemons
858 2381 898 2423 zu
923 2360 990 2423 den
1016 2360 1205 2423 Lebenden
1228 2360 1277 2423 als
1297 2361 1360 2424 mit

210 2483 351 2565 „dessen
384 2483 494 2546 Natur
524 2483 594 2546 und
619 2482 757 2557 Wesen,
782 2482 844 2544 wie
868 2481 916 2544 sie
940 2488 1028 2544 etwa
1051 2502 1094 2545 an
1119 2482 1188 2544 und
1212 2481 1264 2544 fiir
1287 2480 1359 2544 sich

211 2602 423 2685 „betrachtet
456 2601 529 2667 sich
560 2601 744 2667 darstellen
768 2608 903 2684 mogen.
929 2602 1015 2665 Eine
1037 2600 1273 2683 dogmatische
1298 2601 1367 2687 Be?

211 2726 415 2807 „stimmung
449 2723 560 2788 dieses
591 2723 736 2787 Wesens
767 2722 896 2787 sordert
919 2742 956 2784 er
979 2721 1073 2785 nicht
1097 2723 1166 2785 und
1191 2722 1299 2785 bietet
1323 2743 1360 2786 er

211 2842 347 2926 „nicht”
363 2841 385 2927 ¹)
409 2864 491 2907 vera
514 2843 596 2907 mihi
621 2844 789 2918 videntur,
815 2843 1004 2906 dummodo
1024 2843 1104 2905 inde
1122 2864 1165 2906 ne
1185 2844 1358 2908 derivetur

207 2967 366 3049 antiquos
390 2986 527 3049 prorsus
549 2985 619 3029 non
643 2965 812 3041 habuisse,
834 2986 921 3048 quae
942 2966 986 3029 de
1006 2971 1216 3027 mortuorum
1238 2973 1359 3031 natura

207 3094 243 3150 et
261 3094 352 3150 statu
372 3087 549 3151 sentirent.
570 3086 700 3152 Multae
720 3088 811 3150 enirn
831 3088 872 3150 iis
884 3096 981 3151 erant
995 3095 1030 3150 et
1043 3086 1155 3149 variae
1169 3086 1358 3168 opiniones,

207 3229 294 3291 quae
327 3209 483 3290 quamvis
514 3208 548 3270 in
579 3208 791 3289 dogmatum,
816 3228 904 3290 quae
929 3207 1097 3282 dicuntur,
1122 3207 1266 3270 formam
1290 3228 1359 3272 non

207 3337 321 3393 essent
351 3329 510 3393 redactae
525 3325 560 3411 ²),
592 3347 670 3391 cum
695 3349 713 3391 e
738 3329 830 3412 vulgi
855 3328 1069 3412 potissimum
1093 3328 1271 3391 sententiis
1295 3330 1360 3392 ori·

205 3451 321 3533 ginem
345 3448 520 3524 haberent,
546 3447 614 3511 late
639 3448 835 3532 divulgatae
861 3457 968 3526 erant,
994 3469 1062 3532 quo
1087 3448 1214 3512 sactum
1239 3457 1300 3527 est,
1322 3457 1359 3513 ut

206 3573 242 3636 in
276 3569 383 3635 titulis
417 3571 540 3633 iterum
573 3588 613 3632 ac
644 3570 779 3653 saepius
810 3570 975 3653 legantur.
1008 3571 1153 3634 Factum
1186 3591 1259 3634 esse
1290 3592 1360 3634 non

207 3713 317 3778 posse,
354 3692 435 3773 quin
468 3692 589 3755 eadem
622 3692 754 3756 ratione
777 3691 946 3774 fingerent
969 3699 1095 3755 statum
1119 3712 1247 3769 eorum,
1272 3713 1358 3774 quos

207 3823 286 3900 post
310 3822 457 3878 mortem
480 3813 666 3878 consistere
689 3813 879 3889 crederent,
903 3833 971 3894 qua
995 3821 1029 3877 et
1047 3813 1111 3896 ipsi
1132 3814 1166 3876 in
1186 3814 1257 3878 vita
1276 3834 1357 3878 con·

206 3944 346 4013 starent,
371 3956 473 4019 supra
496 3935 627 3999 dictum
650 3941 712 3997 est.

250 4057 330 4121 Non
365 4066 417 4122 est
441 4057 693 4140 neglegendum
717 4056 809 4140 apud
834 4055 993 4139 antiquos
1017 4065 1169 4120 mortuos
1193 4076 1262 4119 non
1286 4062 1359 4119 tam

238 4349 265 4417 1)
282 4349 315 4400 cf.
334 4349 400 4400 ibid.
421 4366 447 4415 p.
467 4347 528 4413 278.

235 4437 264 4505 2)
282 4437 441 4487 Distinctius
465 4437 643 4504 cognoscendi
668 4438 755 4488 studio
781 4438 862 4505 ducti,
886 4453 953 4505 quae
981 4444 1042 4503 post
1060 4443 1170 4488 mortem
1188 4444 1284 4506 essent,
1302 4455 1358 4490 non

206 4524 283 4591 pauci
310 4523 440 4590 mysteriis
465 4524 609 4576 Eleusiniis
634 4532 679 4576 aut
698 4525 874 4590 Orphicorum
893 4525 1018 4574 doctrinis
1036 4525 1132 4574 initiati
1151 4531 1220 4591 sunt,
1240 4541 1307 4592 quae
1326 4542 1357 4577 eo

205 4627 288 4679 usque
307 4611 429 4677 dogmata
448 4613 617 4678 proferebant
636 4613 669 4664 de
688 4613 824 4663 hominum
842 4619 903 4679 post
921 4619 1031 4662 mortem
1046 4611 1212 4678 condicione,
1227 4618 1256 4662 ut
1270 4613 1358 4663 initia-

204 4705 290 4750 torum
308 4705 404 4750 statum
418 4700 613 4768 hilarissimum,
629 4701 788 4766 reliquorum
797 4700 914 4752 miserias
924 4699 1016 4750 nitidis
1025 4698 1158 4749 coloribus
1167 4698 1353 4752 describerent.

206 4787 239 4837 cf.
258 4787 395 4839 Dieterich
412 4788 430 4838 l.
438 4787 456 4838 1.
476 4805 503 4854 p.
523 4798 556 4851 72
576 4803 645 4856 sqq.‚
664 4788 759 4839 Rohde
777 4787 820 4838 1.1.
839 4787 870 4838 1³
888 4804 915 4853 p.
934 4787 986 4852 278
1005 4802 1075 4854 sqq„
1093 4803 1119 4854 p.
1139 4800 1201 4854 299,
1220 4799 1280 4852 300.
