3134 5476
706 425 748 508 67

150 610 360 693 corruptum)
384 616 419 671 et
443 627 539 689 reges
564 606 675 689 Stygii
701 605 794 688 (Bch.
820 608 904 690 198),
927 606 1044 689 Stygis
1065 607 1113 669 ira
1133 607 1179 690 (in
1200 626 1303 670 carm.

150 728 274 792 Christ.
299 727 380 791 Bch.
406 728 512 811 1379),
531 747 592 790 rex
606 725 746 808 Stygius
759 727 853 810 (Bch.
871 728 977 810 1550),
991 735 1151 810 regnator
1164 726 1303 811 Stygius

151 848 245 932 (Bch.
275 848 381 930 1552).

197 968 330 1032 Vocem
354 988 441 1051 quae
465 976 517 1031 est
541 964 630 1042 Στθξ
654 968 688 1029 in
712 965 820 1030 titulis
844 966 981 1031 Graecis
1006 989 1075 1031 non
1100 969 1224 1033 inveni.

149 1089 191 1152 de
213 1087 323 1154 Lethe.

196 1207 386 1271 Lethaeum
421 1228 557 1271 amnem
594 1227 662 1270 non
695 1205 828 1288 fingunt
859 1216 981 1289 poetae
1013 1207 1138 1270 inferos
1162 1209 1301 1271 circum-

151 1327 324 1404 fluentem,
349 1330 408 1393 sed
434 1328 589 1411 Elysium
615 1326 912 1410 praeterfluentem
930 1325 961 1412 ¹).
987 1327 1026 1391 In
1050 1329 1157 1392 titulis
1176 1350 1196 1391 a
1215 1329 1300 1391 Bue-

149 1448 285 1512 chelero
310 1447 451 1525 collatiS,
478 1447 587 1511 Lethe
612 1467 747 1530 semper
772 1447 841 1510 fere
867 1468 929 1530 pro
954 1447 1069 1511 inferis
1092 1449 1225 1532 legitur.

150 1571 232 1634 Bch.
258 1572 339 1633 218:
387 1568 576 1652 Speudusa,
601 1566 738 1631 Lethen
763 1566 893 1630 incolis.

195 1691 236 1754 cf.
261 1690 305 1754 A.
320 1691 354 1753 P.
380 1689 448 1753 VII
475 1705 557 1753 220:
604 1687 707 1761 Λήθην
731 1686 829 1756 ναίεις
854 1687 1007 1765 ιέγλαΐην.

151 1809 233 1873 Bch.
263 1824 362 1892 1305:
411 1809 601 1872 Narrabam
626 1808 761 1871 Lethen
787 1808 1094 1891 defunctorumque
1118 1810 1278 1892 quietem.

151 1930 232 1992 Bch.
262 1945 339 2011 1551
357 1928 383 1994 C
399 1947 416 2011 3
440 1929 494 2012 (=
507 1928 732 1993 Cholodniak.
747 1929 858 2012 267c):

262 2059 297 2113 et
321 2051 412 2133 prior
435 2058 471 2112 at
496 2049 630 2113 Lethen
655 2070 733 2112 cum
757 2050 800 2112 sit
824 2050 1007 2133 Pomptilla
1031 2060 1178 2134 recepta.

150 2169 231 2233 Bch.
262 2170 362 2253 1567:
409 2168 512 2252 Oppi,
539 2191 581 2233 ne
606 2179 737 2233 metuas
762 2169 909 2233 Lethen.

150 2291 375 2355 Conferantur
400 2291 443 2354 A.
457 2292 492 2354 P.
519 2291 586 2354 VII
606 2292 672 2375 498
694 2292 749 2374 (de
771 2301 883 2366 nauta,
905 2293 962 2373 qui
982 2290 1105 2374 frigore
1126 2290 1300 2354 confectus

195 2412 308 2495 obiit):
668 2409 707 2474 ἴθ’
731 2411 769 2480 ὥς
794 2410 909 2488 λιμένα
933 2411 1054 2488 γλυκὺν
1078 2410 1188 2480 ἄλλοις

396 2531 474 2611 δούς,
502 2531 581 2610 ξένε,
607 2529 660 2595 τήν
685 2533 788 2607 Λήθης
814 2532 907 2604 αὐτὸς
932 2530 983 2595 ἔδυ
1009 2529 1136 2608 λιμένα.

150 2662 186 2717 et
209 2653 292 2717 ibid.
318 2669 371 2736 25,
396 2671 472 2738 711,
499 2655 564 2738 716
589 2654 701 2734 (Λήθης
727 2652 883 2737 πέλαγος)
898 2650 933 2736 2).

195 2774 306 2838 Lethe
332 2775 468 2859 proprie
494 2783 545 2837 est
570 2774 695 2838 flumen
720 2774 902 2840 oblivionis
916 2771 957 2858 3);

151 2895 231 2958 Bch.
262 2895 362 2978 1187:
410 2895 518 2978 Inque
541 2903 602 2957 tuo
626 2897 731 2959 tristis
755 2906 907 2960 versatur
932 2904 1071 2978 pectore
1097 2893 1218 2968 Lethe,

452 3025 488 3078 ut
513 3036 581 3079 non
606 3037 792 3099 cognoscas
817 3038 871 3079 me
896 3016 1087 3079 miseranda
1111 3014 1215 3097 pium.

151 3136 232 3198 Bch.
262 3150 361 3218 1305:
409 3136 455 3199 nil
481 3136 562 3200 mihi
589 3136 734 3199 Lethaei
759 3136 886 3220 profuit
912 3137 1021 3199 amnis
1046 3155 1143 3216 aqua,

480 3257 580 3319 durat
604 3265 639 3320 et
663 3256 786 3319 infixus
812 3265 927 3321 noster
950 3255 1057 3320 dolor.

153 3376 195 3439 A.
211 3376 246 3439 P.
270 3377 348 3440 VII.
374 3378 456 3459 346:
487 3375 547 3439 αἰεὶ
573 3374 694 3458 ζητήσω
720 3399 768 3440 τε·
792 3376 830 3440 σὺ
853 3375 891 3454 δ’,
913 3376 938 3438 εἰ
961 3373 1057 3453 θέμις,
1081 3375 1112 3436 έν
1127 3372 1300 3452 Φθιμένοιτι

529 3501 583 3560 τοῦ
608 3494 712 3570 Λήθης
740 3496 790 3560 ἐτ’
819 3494 886 3573 ἐμοὶ
910 3496 954 3572 μή
979 3518 1009 3558 τι
1034 3492 1105 3576 πίης
1132 3491 1254 3566 ὕδατος.

153 3616 220 3679 Kh.
230 3632 294 3695 204
304 3616 462 3700 (cs.414):
483 3617 537 3679 οὐκ
560 3614 645 3680 ἔτιον
671 3617 773 3691 Λήθης
800 3616 973 3686 Ἀιδανθδος
997 3613 1135 3694 ἔσχατον
1161 3613 1246 3695 ὕδωρ,

521 3737 559 3808 ὡς
584 3738 618 3801 σὲ
643 3736 834 3819 παρηγορθην
860 3739 918 3801 κέν
942 3735 1135 3817 Φθιμένοισιν
1160 3733 1235 3815 έχα.

196 3856 249 3918 De
273 3854 406 3939 Cocyto
427 3866 462 3921 et
483 3857 731 3942 Phlegethonte
752 3859 946 3923 fluminibus
959 3859 993 3922 in
1006 3857 1122 3931 titulis,
1136 3867 1304 3940 quatenus

154 3978 298 4053 videam,
323 3999 489 4060 nusquam
513 4001 625 4044 sermo
650 3989 702 4044 est
715 3977 750 4064 4).

157 4095 352 4106 ——ss

183 4145 211 4212 2)
239 4144 272 4197 cf.
300 4145 367 4194 Aen.
396 4145 420 4194 6.
432 4155 482 4210 705
510 4144 627 4212 (Aeneas
652 4146 736 4214 videt)
761 4145 990 4212 Lethaeum(que),
1010 4146 1102 4195 domos
1121 4143 1236 4209 placidas
1255 4143 1301 4208 qui

154 4239 296 4298 praenatat,
315 4248 430 4282 amnem.

183 4319 211 4386 3)
238 4319 271 4368 cs.
299 4321 416 4384 Propert.
446 4328 567 4385 5791:
597 4321 712 4370 Lethaea
739 4319 774 4369 ad
802 4327 893 4385 stagna
919 4319 1022 4384 reverti,
1048 4325 1074 4367 et
1100 4317 1196 4367 Catuli.
1214 4315 1298 4380 65.5;

155 4406 283 4456 Lethaeus
302 4422 403 4472 gurges.

182 4493 211 4560 4)
229 4494 263 4543 cf.
282 4493 349 4542 Aen.
368 4493 393 4543 6.
405 4506 470 4556 714:
490 4494 601 4543 Animae
616 4494 726 4544 Lethaei
744 4494 778 4544 ad
796 4493 908 4543 fluminis
924 4493 1020 4542 undam
1039 4493 1148 4543 Securos
1166 4491 1256 4540 latices
1276 4496 1302 4538 et

154 4579 232 4644 longa
249 4580 348 4629 oblivia
367 4587 468 4645 potant.
487 4583 585 4631 Lucian
605 4582 638 4631 de
657 4581 719 4631 luet.
741 4591 768 4645 5:
789 4575 968 4641 περαιωθέντας
990 4576 1016 4626 δὲ
1035 4577 1080 4634 τήν
1099 4576 1186 4636 λίμνην
1203 4576 1301 4643 (Ache-

156 4673 230 4716 ronta
257 4666 305 4733 sc.)
331 4661 356 4722 ἔς
380 4666 410 4714 τὸ
427 4663 478 4714 ’έσιι
498 4667 589 4725 λειμὼν
608 4663 765 4728 ὑποδέχεται
784 4663 867 4728 μέγας
885 4668 921 4726 τῷ
940 4661 1074 4726 ἀσφοδέλῳ
1092 4661 1240 4725 κατάφυτος
1257 4660 1300 4710 καὶ

156 4755 230 4799 πότον
245 4749 342 4811 μνήμης
359 4749 487 4811 πολέμιον·
506 4749 587 4808 Λήθης
605 4754 666 4814 γοῦν
685 4749 726 4799 δια
743 4753 821 4799 τοῦτο
840 4750 994 4810 ὠνόμαςται.
1014 4752 1048 4801 cf.
1074 4753 1244 4815 Necyomant.
1258 4762 1298 4799 11.

183 4837 212 4908 4)
230 4839 263 4889 cf.
283 4840 345 4890 Bch.
368 4850 450 4905 1355:
469 4841 616 4890 Taenareas
636 4841 715 4889 crudo
736 4840 827 4889 funere
847 4840 913 4889 vidit
931 4855 1021 4903 aquas.
