3134 5476
701 370 745 437 60

145 551 186 616 ci.
219 550 383 635 Aeschyl.
420 550 574 636 Choeph.
603 567 742 636 15.405‚
768 555 857 619 Pers.
881 555 964 639 619;
991 555 1152 639 Sophocl.
1177 556 1297 639 Antig.

145 672 220 748 602,
257 671 382 755 Oedip.
415 671 486 736 Col.
523 673 624 749 1661;
662 673 816 758 Euripid.
841 674 918 740 Alc.
943 693 1005 760 47:
1042 671 1234 752 κνξπνὶξνμνιί
1258 698 1297 753 γε

145 789 286 871 νερτέρων
313 791 371 856 ὑπὸ
394 788 505 873 χθόνα.
530 793 572 857 cl'.
597 792 775 878 Aristoph.
802 795 945 878 Lysistr.
971 812 1046 880 772.

189 912 245 978 Sic
278 922 312 978 et
344 909 446 994 ἕνερον.
477 914 518 978 cs.
543 913 588 978 Α.
602 915 637 978 Ρ.
664 915 732 979 VII
756 916 840 1000 467:
877 915 907 987 ἐς
931 915 984 980 τὸν
1006 915 1175 992 νὶνόστντον
1199 921 1297 996 χῶρον

144 1031 220 1110 ἔβης
246 1031 360 1114 ἐνέρων.
396 1033 501 1098 Hom.
525 1034 622 1100 Iliad.
652 1050 701 1117 ις.
719 1038 791 1112 188,
818 1037 937 1102 20.61.
963 1037 1093 1122 Hymn.
1118 1037 1193 1103 Cer.
1221 1054 1296 1122 357.

145 1152 287 1219 Hesiod.
320 1154 498 1238 Theogon.
531 1157 605 1237 850,
631 1155 794 1240 Aeschyl.
820 1158 910 1221 Pers.
935 1158 1011 1242 629,
1038 1158 1191 1242 Euripid.
1217 1157 1297 1222 Alc.

149 1293 199 1358 30,
224 1275 321 1340 Plato
346 1275 445 1340 Polit.
472 1294 500 1359 3.
515 1277 578 1360 387
591 1276 629 1340 B.

186 1485 230 1549 II.
256 1485 445 1550 Inferorum
465 1486 563 1550 sedes
576 1506 687 1550 crassa
699 1487 844 1571 caligine
856 1495 966 1552 tectas
977 1507 1051 1551 esse
1063 1495 1137 1552 tota
1150 1488 1298 1552 credidit

140 1606 326 1689 antiquitas
343 1604 376 1691 ¹).
398 1606 444 1670 Et
465 1607 636 1691 Vergilius
654 1615 757 1690 poeta
777 1609 967 1672 accuratius
988 1628 1059 1671 rem
1072 1608 1122 1671 ita
1134 1607 1296 1690 explicat,

139 1734 177 1790 ut
200 1727 344 1792 Tartara
367 1736 441 1792 tota
461 1727 564 1792 faciat
583 1728 776 1804 tenebrosa,
801 1728 920 1812 Elysio
940 1748 1022 1792 vero
1035 1748 1132 1792 suum
1146 1727 1297 1811 assignet

139 1844 257 1910 solem.
292 1846 495 1931 Deiphobus
527 1847 617 1910 enim
650 1867 694 1910 ex
724 1847 852 1911 ultimis
884 1846 963 1912 Orci
996 1849 1096 1925 arvis,
1120 1869 1208 1931 quae
1233 1848 1297 1912 viri

141 1965 231 2031 bello
267 1965 360 2032 clari·
379 1967 606 2050 frequentant,
632 1968 816 2031 comitatus
840 1967 997 2032 Aeneam
1022 1969 1056 2032 in
1081 1969 1211 2033 bivium
1235 1968 1294 2033 ubi

140 2086 245 2163 venit,
280 2107 349 2169 quo
381 2087 437 2151 via
466 2108 502 2151 se
534 2086 634 2150 findit
657 2086 754 2151 laeva
777 2087 821 2152 ad
847 2089 953 2172 impia
975 2087 1119 2152 Tartara
1142 2087 1294 2165 mittens,

141 2209 264 2273 dextra
287 2210 330 2272 ad
356 2208 511 2293 Elysium
535 2216 670 2293 praeter
694 2208 784 2273 Ditis
811 2211 940 2293 regiam
966 2210 1106 2286 ducens,
1131 2209 1164 2272 in
1189 2229 1232 2273 eo
1256 2217 1295 2273 ut

143 2337 332 2393 revertatur
345 2328 476 2412 Sibylla
489 2330 708 2405 admonente,
721 2330 804 2393 dicit
817 2330 918 2413 (Aen.
932 2330 962 2393 6.
979 2329 1071 2414 545):
1089 2329 1296 2411 „Discedam

148 2449 358 2533 „reddarque
394 2449 576 2514 tenebris”.
612 2448 690 2532 Quo
720 2450 875 2534 profecto
898 2448 1037 2514 Aeneas
1061 2470 1139 2513 cum
1163 2447 1298 2533 Sibylla

142 2571 268 2636 comite
290 2570 334 2635 ad
355 2571 534 2636 beatorum
555 2572 712 2654 pervenit
731 2571 840 2649 sedes,
862 2571 920 2637 ubi
940 2570 1065 2654 largior
1085 2591 1158 2634 esse
1176 2571 1298 2634 aether

32 2704 35 2708 '
140 2693 264 2757 dicitur
303 2702 338 2757 et
373 2692 515 2756 mortui:
560 2691 685 2774 „solem
726 2712 835 2769 suum,
878 2712 939 2755 sua
981 2691 1093 2755 sidera
1136 2690 1297 2755 norunt”.

141 2813 236 2897 (ibid.
261 2813 351 2896 641).

184 2934 339 3018 Elysium
363 2934 464 3017 igitur
487 2954 549 2998 suo
572 2932 643 2998 sole
668 2930 857 2998 collustrari
882 2932 980 3016 fingit
1003 2939 1107 3015 poeta
1120 2929 1156 3016 ²).

186 3055 308 3138 Neque
343 3074 470 3118 novum
505 3055 540 3119 id
572 3063 655 3119 erat.
687 3055 761 3119 Iam
793 3054 958 3118 Pindarus
981 3051 1098 3117 nitidis
1122 3050 1295 3116 coloribus

141 3173 276 3258 piorum
311 3173 509 3240 felicitatem
544 3175 733 3258 depingens
769 3175 920 3238 dixerat:
957 3179 1036 3236 τοῖσι
1072 3168 1196 3248 λάμπεν
1234 3169 1294 3250 μὲν

144 3292 233 3372 μένος
258 3292 365 3358 ἀελίου
388 3295 448 3359 τὰν
472 3291 579 3358 ἐνθάδε
603 3292 702 3358 νύκτα
727 3292 813 3359 κάτω
828 3293 865 3379 ³).

190 3418 229 3483 In
253 3417 359 3483 titulis
381 3419 421 3482 de
444 3417 585 3483 tenebris
606 3427 639 3482 et
656 3429 745 3483 nocte
762 3417 953 3501 inferorum
974 3435 1077 3499 saepe
1098 3424 1150 3480 est
1169 3437 1294 3481 sermo.

144 3539 225 3604 Bch.
252 3552 310 3622 55:
403 3538 455 3602 bis
478 3538 533 3602 hic
556 3537 690 3621 septeni
716 3557 849 3601 mecum
874 3534 1004 3600 natales
1029 3535 1102 3600 dies

398 3659 549 3723 tenebris
571 3666 730 3722 tenentur
755 3657 845 3720 Ditis
868 3664 1008 3721 aeterna
1031 3657 1146 3721 domu.

141 3781 161 3845 i.
176 3802 205 3845 e.
241 3801 306 3864 ego
338 3779 527 3864 (Eucharis)
557 3799 666 3843 annos
697 3786 779 3842 nata
809 3777 861 3841 bis
891 3785 1053 3860 septenos
1085 3777 1119 3841 in
1144 3777 1296 3841 tenebris

140 3922 214 3965 sum
239 3900 329 3964 Ditis
352 3908 513 3964 aeternae
538 3899 671 3966 domus.

176 4099 202 4167 1)
221 4099 318 4150 Omnia
335 4099 405 4164 apud
424 4098 522 4148 inferos
541 4099 650 4148 obscura
669 4102 771 4147 suntet
790 4098 936 4146 tenebrosa.
956 4096 990 4146 cf.
1007 4097 1086 4162 Verg.
1103 4097 1171 4146 Aen.
1187 4097 1290 4159 6.127:

142 4187 193 4237 atri
210 4189 288 4238 ianua
306 4186 391 4253 Ditis3
410 4187 503 4236 Horat.
523 4184 573 4234 Od.
596 4197 618 4233 1.
629 4197 672 4246 24.
686 4182 732 4234 18:
751 4183 825 4249 niger
839 4199 902 4249 grex
918 4184 1045 4250 Manium,
1054 4190 1080 4234 et
1090 4183 1141 4233 Od.
1152 4197 1175 4234 2.
1190 4195 1229 4247 13.
1241 4197 1290 4234 21:

144 4274 217 4325 furva
235 4273 399 4339 Proserpina.
421 4273 506 4336 Quam
525 4273 632 4321 obrem
651 4271 701 4321 diis
720 4271 862 4320 inferorum
878 4271 968 4336 nigrae
985 4271 1153 4321 immolantur
1162 4270 1292 4321 victimae.

141 4361 174 4412 ci.
203 4362 270 4412 Aen.
300 4370 324 4426 5.
336 4360 402 4428 7363
430 4360 526 4425 Georg.
550 4373 576 4421 4.
588 4358 654 4425 54⁶3
679 4359 772 4408 Horat.
797 4357 850 4408 Sat.
879 4355 938 4410 1.8.
949 4368 996 4426 273
1015 4359 1095 4408 Hom.
1115 4357 1166 4408 Od.
1188 4371 1228 4407 ro.
1239 4367 1290 4423 525

144 4455 171 4498 et
189 4447 294 4514 passim.

175 4535 203 4602 2)
221 4536 255 4586 cf.
273 4535 337 4586 Bch.
359 4533 416 4585 126.
428 4547 458 4582 2:
478 4533 546 4598 patri
564 4532 624 4583 date
642 4532 724 4598 lucos,
743 4532 772 4582 in
792 4531 851 4597 quis
861 4547 1007 4597 purpureus
1018 4538 1212 4597 perpetuusque
1222 4530 1288 4581 dies.

174 4623 202 4686 3)
221 4622 287 4687 Bglr.
305 4622 334 4670 P.
344 4621 374 4672 L.
385 4619 417 4670 G.
436 4618 467 4669 1³
486 4636 512 4686 p.
532 4632 585 4684 330
602 4618 744 4687 (Plutarch.
765 4620 845 4669 Cous.
863 4618 897 4668 ad
919 4618 1006 4684 Apoll.
1026 4617 1081 4685 35).
1100 4617 1133 4668 ci.
1154 4617 1290 4683 Aristoph.

145 4709 236 4759 Ranae
257 4716 321 4772 155:
336 4701 394 4764 ’ὄψιν
420 4721 451 4753 τε
475 4707 528 4767 Φῶς
550 4703 698 4762 κάλλιστον,
722 4701 804 4766 ὥσπερ
823 4699 911 4760 iliade,
929 4712 956 4755 et
973 4714 1041 4769 454:
1058 4703 1141 4764 μόνοις
1158 4702 1208 4765 γὰρ
1230 4699 1289 4763 ἡμῖν

147 4791 216 4851 laroc
232 4790 276 4842 καὶ
291 4789 390 4855 deppae
406 4789 492 4852 ἳλνιρόν
509 4786 588 4840 ἔστιν.
