<?xml version="1.0" encoding="UTF-8"?>
<!DOCTYPE html PUBLIC "-//W3C//DTD XHTML 1.0 Transitional//EN"
    "http://www.w3.org/TR/xhtml1/DTD/xhtml1-transitional.dtd">
<html xmlns="http://www.w3.org/1999/xhtml" xml:lang="en" lang="en">
 <head>
  <title>
</title>
<meta http-equiv="Content-Type" content="text/html;charset=utf-8" />
  <meta name='ocr-system' content='tesseract 3.04.00' />
  <meta name='ocr-capabilities' content='ocr_page ocr_carea ocr_par ocr_line ocrx_word'/>
</head>
<body>
  <div class='ocr_page' id='page_1' title='image "./quaedehominumpo00bleegoog_0052.png"; bbox 0 0 3134 5476; ppageno 0'>
   <div class='ocr_carea' id='block_1_1' title="bbox 579 731 792 799">
    <p class='ocr_par' dir='ltr' id='par_1_1' title="bbox 579 731 792 799">
     <span class='ocr_line' id='line_1_1' title="bbox 579 731 792 799; baseline -0.009 0"><span class='ocrx_word' id='word_1_1' title='bbox 579 731 723 799; x_wconf 91' lang='lat' dir='ltr'>PARS</span> <span class='ocrx_word' id='word_1_2' title='bbox 758 733 792 797; x_wconf 91' lang='lat'>11</span> 
     </span>
    </p>
   </div>
   <div class='ocr_carea' id='block_1_2' title="bbox 150 897 1231 1056">
    <p class='ocr_par' dir='ltr' id='par_1_2' title="bbox 150 897 1231 1056">
     <span class='ocr_line' id='line_1_2' title="bbox 150 897 1231 963; baseline -0.003 -12"><span class='ocrx_word' id='word_1_3' title='bbox 150 899 227 963; x_wconf 86' lang='lat' dir='ltr'>QUA</span> <span class='ocrx_word' id='word_1_4' title='bbox 251 897 396 950; x_wconf 86' lang='lat' dir='ltr'>AGITUR</span> <span class='ocrx_word' id='word_1_5' title='bbox 419 897 470 948; x_wconf 83' lang='lat' dir='ltr'>DE</span> <span class='ocrx_word' id='word_1_6' title='bbox 493 897 541 949; x_wconf 91' lang='lat' dir='ltr'>IIS</span> <span class='ocrx_word' id='word_1_7' title='bbox 566 897 798 961; x_wconf 81' lang='lat' dir='ltr'>SENTENTIIS,</span> <span class='ocrx_word' id='word_1_8' title='bbox 824 898 958 963; x_wconf 90' lang='lat' dir='ltr'>QUIBUS</span> <span class='ocrx_word' id='word_1_9' title='bbox 982 899 1036 949; x_wconf 82' lang='lat' dir='ltr'>AN</span> <span class='ocrx_word' id='word_1_10' title='bbox 1060 897 1117 949; x_wconf 90' lang='lat' dir='ltr'>SIT</span> <span class='ocrx_word' id='word_1_11' title='bbox 1142 898 1231 949; x_wconf 88' lang='lat' dir='ltr'><strong>VITA</strong></span> 
     </span>
     <span class='ocr_line' id='line_1_3' title="bbox 426 1003 955 1056; baseline 0.004 -3"><span class='ocrx_word' id='word_1_12' title='bbox 426 1003 517 1054; x_wconf 84' lang='lat' dir='ltr'>POST</span> <span class='ocrx_word' id='word_1_13' title='bbox 540 1004 703 1055; x_wconf 86' lang='lat' dir='ltr'><strong>MORTEM</strong></span> <span class='ocrx_word' id='word_1_14' title='bbox 728 1003 955 1056; x_wconf 84' lang='lat' dir='ltr'>DUBITATUR.</span> 
     </span>
    </p>
   </div>
   <div class='ocr_carea' id='block_1_3' title="bbox 114 1335 1270 2743">
    <p class='ocr_par' dir='ltr' id='par_1_3' title="bbox 114 1335 1270 2379">
     <span class='ocr_line' id='line_1_4' title="bbox 161 1335 1267 1420; baseline -0.001 -20"><span class='ocrx_word' id='word_1_15' title='bbox 161 1335 292 1401; x_wconf 90' lang='lat' dir='ltr'><strong>Multae</strong></span> <span class='ocrx_word' id='word_1_16' title='bbox 327 1337 462 1402; x_wconf 85' lang='lat' dir='ltr'>fuerunt</span> <span class='ocrx_word' id='word_1_17' title='bbox 495 1336 588 1420; x_wconf 92' lang='lat' dir='ltr'>apud</span> <span class='ocrx_word' id='word_1_18' title='bbox 624 1337 800 1401; x_wconf 89' lang='lat' dir='ltr'>Romanos</span> <span class='ocrx_word' id='word_1_19' title='bbox 838 1337 1018 1420; x_wconf 89' lang='lat' dir='ltr'>opiniones</span> <span class='ocrx_word' id='word_1_20' title='bbox 1048 1343 1083 1400; x_wconf 91' lang='lat' dir='ltr'>et</span> <span class='ocrx_word' id='word_1_21' title='bbox 1114 1337 1202 1401; x_wconf 92' lang='lat' dir='ltr'>inter</span> <span class='ocrx_word' id='word_1_22' title='bbox 1230 1356 1267 1400; x_wconf 91' lang='lat' dir='ltr'>se</span> 
     </span>
     <span class='ocr_line' id='line_1_5' title="bbox 117 1455 1268 1541; baseline 0.001 -22"><span class='ocrx_word' id='word_1_23' title='bbox 117 1456 271 1521; x_wconf 89' lang='lat' dir='ltr'>diversae</span> <span class='ocrx_word' id='word_1_24' title='bbox 307 1458 350 1521; x_wconf 93' lang='lat' dir='ltr'>de</span> <span class='ocrx_word' id='word_1_25' title='bbox 384 1457 488 1520; x_wconf 89' lang='lat' dir='ltr'>animi</span> <span class='ocrx_word' id='word_1_26' title='bbox 521 1465 599 1539; x_wconf 91' lang='lat' dir='ltr'>post</span> <span class='ocrx_word' id='word_1_27' title='bbox 629 1465 775 1520; x_wconf 90' lang='lat' dir='ltr'>mortem</span> <span class='ocrx_word' id='word_1_28' title='bbox 806 1465 896 1521; x_wconf 88' lang='lat' dir='ltr'>statu</span> <span class='ocrx_word' id='word_1_29' title='bbox 913 1455 945 1541; x_wconf 89' lang='lat'>¹).</span> <span class='ocrx_word' id='word_1_30' title='bbox 969 1457 1168 1520; x_wconf 87' lang='lat' dir='ltr'>Tradebant</span> <span class='ocrx_word' id='word_1_31' title='bbox 1190 1477 1268 1520; x_wconf 93' lang='lat' dir='ltr'>suas</span> 
     </span>
     <span class='ocr_line' id='line_1_6' title="bbox 116 1575 1267 1658; baseline -0.001 -19"><span class='ocrx_word' id='word_1_32' title='bbox 116 1575 289 1640; x_wconf 87' lang='lat' dir='ltr'>doctrinas</span> <span class='ocrx_word' id='word_1_33' title='bbox 323 1576 368 1639; x_wconf 90' lang='lat' dir='ltr'>de</span> <span class='ocrx_word' id='word_1_34' title='bbox 402 1596 444 1639; x_wconf 90' lang='lat' dir='ltr'>eo</span> <span class='ocrx_word' id='word_1_35' title='bbox 479 1577 572 1658; x_wconf 92' lang='lat' dir='ltr'>quod</span> <span class='ocrx_word' id='word_1_36' title='bbox 604 1584 683 1658; x_wconf 89' lang='lat' dir='ltr'>post</span> <span class='ocrx_word' id='word_1_37' title='bbox 714 1584 860 1639; x_wconf 91' lang='lat' dir='ltr'>mortem</span> <span class='ocrx_word' id='word_1_38' title='bbox 891 1597 964 1639; x_wconf 93' lang='lat' dir='ltr'>esse</span> <span class='ocrx_word' id='word_1_39' title='bbox 987 1576 1052 1639; x_wconf 92' lang='lat' dir='ltr'>sibi</span> <span class='ocrx_word' id='word_1_40' title='bbox 1076 1576 1267 1651; x_wconf 90' lang='lat' dir='ltr'>videbatur,</span> 
     </span>
     <span class='ocr_line' id='line_1_7' title="bbox 114 1694 1268 1779; baseline -0.002 -19"><span class='ocrx_word' id='word_1_41' title='bbox 114 1695 276 1778; x_wconf 88' lang='lat' dir='ltr'>Epicurei</span> <span class='ocrx_word' id='word_1_42' title='bbox 311 1703 347 1760; x_wconf 92' lang='lat' dir='ltr'>et</span> <span class='ocrx_word' id='word_1_43' title='bbox 377 1694 495 1772; x_wconf 89' lang='lat' dir='ltr'>Stoici,</span> <span class='ocrx_word' id='word_1_44' title='bbox 525 1704 561 1760; x_wconf 92' lang='lat' dir='ltr'>et</span> <span class='ocrx_word' id='word_1_45' title='bbox 592 1704 630 1759; x_wconf 89' lang='lat' dir='ltr'>ut</span> <span class='ocrx_word' id='word_1_46' title='bbox 654 1697 925 1779; x_wconf 85' lang='lat' dir='ltr'>praetermittam</span> <span class='ocrx_word' id='word_1_47' title='bbox 949 1694 1043 1772; x_wconf 92' lang='lat' dir='ltr'>alios,</span> <span class='ocrx_word' id='word_1_48' title='bbox 1068 1694 1268 1760; x_wconf 89' lang='lat' dir='ltr'>Academici</span> 
     </span>
     <span class='ocr_line' id='line_1_8' title="bbox 115 1814 1269 1901; baseline 0 -22"><span class='ocrx_word' id='word_1_49' title='bbox 115 1824 151 1881; x_wconf 93' lang='lat' dir='ltr'>et</span> <span class='ocrx_word' id='word_1_50' title='bbox 183 1817 410 1901; x_wconf 87' lang='lat' dir='ltr'>Peripatetici.</span> <span class='ocrx_word' id='word_1_51' title='bbox 444 1814 546 1899; x_wconf 87' lang='lat' dir='ltr'>Quid,</span> <span class='ocrx_word' id='word_1_52' title='bbox 571 1816 664 1899; x_wconf 92' lang='lat' dir='ltr'>quod</span> <span class='ocrx_word' id='word_1_53' title='bbox 686 1816 807 1900; x_wconf 85' lang='lat' dir='ltr'>vulgus</span> <span class='ocrx_word' id='word_1_54' title='bbox 830 1825 889 1881; x_wconf 92' lang='lat' dir='ltr'>aut</span> <span class='ocrx_word' id='word_1_55' title='bbox 909 1826 1001 1881; x_wconf 90' lang='lat' dir='ltr'>metu</span> <span class='ocrx_word' id='word_1_56' title='bbox 1026 1825 1085 1881; x_wconf 93' lang='lat' dir='ltr'>aut</span> <span class='ocrx_word' id='word_1_57' title='bbox 1109 1816 1269 1900; x_wconf 92' lang='lat' dir='ltr'>supersti-</span> 
     </span>
     <span class='ocr_line' id='line_1_9' title="bbox 115 1935 1270 2020; baseline -0.001 -20"><span class='ocrx_word' id='word_1_58' title='bbox 115 1935 209 2001; x_wconf 90' lang='lat' dir='ltr'>tione</span> <span class='ocrx_word' id='word_1_59' title='bbox 245 1938 457 2015; x_wconf 89' lang='lat' dir='ltr'>obstrictum,</span> <span class='ocrx_word' id='word_1_60' title='bbox 483 1939 665 2020; x_wconf 88' lang='lat' dir='ltr'>quominus</span> <span class='ocrx_word' id='word_1_61' title='bbox 688 1939 732 2004; x_wconf 93' lang='lat' dir='ltr'>ad</span> <span class='ocrx_word' id='word_1_62' title='bbox 756 1937 899 2002; x_wconf 86' lang='lat' dir='ltr'>liberam</span> <span class='ocrx_word' id='word_1_63' title='bbox 922 1958 1034 2001; x_wconf 88' lang='lat' dir='ltr'>rerum</span> <span class='ocrx_word' id='word_1_64' title='bbox 1059 1936 1270 2020; x_wconf 90' lang='lat' dir='ltr'>contempla·</span> 
     </span>
     <span class='ocr_line' id='line_1_10' title="bbox 115 2057 1269 2141; baseline 0.001 -21"><span class='ocrx_word' id='word_1_65' title='bbox 115 2057 247 2121; x_wconf 90' lang='lat' dir='ltr'>tionem</span> <span class='ocrx_word' id='word_1_66' title='bbox 281 2078 318 2121; x_wconf 92' lang='lat' dir='ltr'>se</span> <span class='ocrx_word' id='word_1_67' title='bbox 349 2057 539 2136; x_wconf 88' lang='lat' dir='ltr'>extolleret,</span> <span class='ocrx_word' id='word_1_68' title='bbox 573 2059 741 2122; x_wconf 91' lang='lat' dir='ltr'>incertum</span> <span class='ocrx_word' id='word_1_69' title='bbox 765 2059 847 2141; x_wconf 92' lang='lat' dir='ltr'>quid</span> <span class='ocrx_word' id='word_1_70' title='bbox 872 2059 1023 2134; x_wconf 87' lang='lat' dir='ltr'>sentiret,</span> <span class='ocrx_word' id='word_1_71' title='bbox 1049 2057 1269 2140; x_wconf 87' lang='lat' dir='ltr'>confugiebat</span> 
     </span>
     <span class='ocr_line' id='line_1_11' title="bbox 116 2176 1268 2262; baseline 0 -23"><span class='ocrx_word' id='word_1_72' title='bbox 116 2176 151 2240; x_wconf 93' lang='lat' dir='ltr'>in</span> <span class='ocrx_word' id='word_1_73' title='bbox 183 2186 320 2260; x_wconf 91' lang='lat' dir='ltr'>portum</span> <span class='ocrx_word' id='word_1_74' title='bbox 352 2179 423 2242; x_wconf 91' lang='lat' dir='ltr'>eius</span> <span class='ocrx_word' id='word_1_75' title='bbox 455 2178 702 2262; x_wconf 88' lang='lat' dir='ltr'>philosophiae,</span> <span class='ocrx_word' id='word_1_76' title='bbox 733 2199 802 2261; x_wconf 91' lang='lat' dir='ltr'>qua</span> <span class='ocrx_word' id='word_1_77' title='bbox 838 2179 985 2242; x_wconf 89' lang='lat' dir='ltr'>maxime</span> <span class='ocrx_word' id='word_1_78' title='bbox 1010 2176 1268 2241; x_wconf 89' lang='lat' dir='ltr'>delectabantur</span> 
     </span>
     <span class='ocr_line' id='line_1_12' title="bbox 118 2293 1267 2379; baseline -0.001 -20"><span class='ocrx_word' id='word_1_79' title='bbox 118 2316 250 2379; x_wconf 89' lang='lat' dir='ltr'>quaeve</span> <span class='ocrx_word' id='word_1_80' title='bbox 281 2299 399 2361; x_wconf 91' lang='lat' dir='ltr'>mortis</span> <span class='ocrx_word' id='word_1_81' title='bbox 424 2307 516 2362; x_wconf 90' lang='lat' dir='ltr'>metu</span> <span class='ocrx_word' id='word_1_82' title='bbox 541 2298 696 2362; x_wconf 90' lang='lat' dir='ltr'>homines</span> <span class='ocrx_word' id='word_1_83' title='bbox 720 2319 756 2362; x_wconf 93' lang='lat' dir='ltr'>se</span> <span class='ocrx_word' id='word_1_84' title='bbox 780 2297 998 2363; x_wconf 88' lang='lat' dir='ltr'>liberaturam</span> <span class='ocrx_word' id='word_1_85' title='bbox 1023 2293 1267 2379; x_wconf 82' lang='lat' dir='ltr'>pollicebatur?</span> 
     </span>
    </p>

    <p class='ocr_par' dir='ltr' id='par_1_4' title="bbox 114 2416 1268 2743">
     <span class='ocr_line' id='line_1_13' title="bbox 162 2416 1267 2503; baseline -0.001 -22"><span class='ocrx_word' id='word_1_86' title='bbox 162 2416 265 2481; x_wconf 92' lang='lat' dir='ltr'>Adeo</span> <span class='ocrx_word' id='word_1_87' title='bbox 289 2419 442 2483; x_wconf 87' lang='lat' dir='ltr'>diversae</span> <span class='ocrx_word' id='word_1_88' title='bbox 466 2428 581 2483; x_wconf 89' lang='lat' dir='ltr'>autem</span> <span class='ocrx_word' id='word_1_89' title='bbox 604 2440 682 2483; x_wconf 91' lang='lat' dir='ltr'>cum</span> <span class='ocrx_word' id='word_1_90' title='bbox 702 2428 816 2483; x_wconf 90' lang='lat' dir='ltr'>essent</span> <span class='ocrx_word' id='word_1_91' title='bbox 836 2420 1025 2503; x_wconf 90' lang='lat' dir='ltr'>opiniones,</span> <span class='ocrx_word' id='word_1_92' title='bbox 1046 2417 1173 2481; x_wconf 87' lang='lat' dir='ltr'>factum</span> <span class='ocrx_word' id='word_1_93' title='bbox 1194 2437 1267 2481; x_wconf 91' lang='lat' dir='ltr'>esse</span> 
     </span>
     <span class='ocr_line' id='line_1_14' title="bbox 116 2537 1268 2622; baseline 0.002 -22"><span class='ocrx_word' id='word_1_94' title='bbox 116 2558 185 2601; x_wconf 93' lang='lat' dir='ltr'>non</span> <span class='ocrx_word' id='word_1_95' title='bbox 217 2547 342 2621; x_wconf 89' lang='lat' dir='ltr'>potest,</span> <span class='ocrx_word' id='word_1_96' title='bbox 366 2540 448 2622; x_wconf 94' lang='lat' dir='ltr'>quin</span> <span class='ocrx_word' id='word_1_97' title='bbox 473 2538 587 2603; x_wconf 94' lang='lat' dir='ltr'>multis</span> <span class='ocrx_word' id='word_1_98' title='bbox 611 2540 792 2604; x_wconf 90' lang='lat' dir='ltr'>iniceretur</span> <span class='ocrx_word' id='word_1_99' title='bbox 815 2540 995 2603; x_wconf 88' lang='lat' dir='ltr'>dubitatio.</span> <span class='ocrx_word' id='word_1_100' title='bbox 1021 2537 1087 2620; x_wconf 85' lang='lat' dir='ltr'>Qui</span> <span class='ocrx_word' id='word_1_101' title='bbox 1112 2539 1268 2621; x_wconf 88' lang='lat' dir='ltr'>quamvis</span> 
     </span>
     <span class='ocr_line' id='line_1_15' title="bbox 114 2659 1267 2743; baseline 0.001 -22"><span class='ocrx_word' id='word_1_102' title='bbox 114 2678 183 2722; x_wconf 92' lang='lat' dir='ltr'>non</span> <span class='ocrx_word' id='word_1_103' title='bbox 208 2659 318 2743; x_wconf 92' lang='lat' dir='ltr'>pauci,</span> <span class='ocrx_word' id='word_1_104' title='bbox 343 2666 380 2723; x_wconf 91' lang='lat' dir='ltr'>ut</span> <span class='ocrx_word' id='word_1_105' title='bbox 400 2660 556 2724; x_wconf 92' lang='lat' dir='ltr'>conicere</span> <span class='ocrx_word' id='word_1_106' title='bbox 576 2659 667 2737; x_wconf 90' lang='lat' dir='ltr'>licet,</span> <span class='ocrx_word' id='word_1_107' title='bbox 687 2661 780 2743; x_wconf 94' lang='lat' dir='ltr'>quod</span> <span class='ocrx_word' id='word_1_108' title='bbox 801 2659 997 2723; x_wconf 90' lang='lat' dir='ltr'>sentiebant</span> <span class='ocrx_word' id='word_1_109' title='bbox 1015 2661 1050 2723; x_wconf 94' lang='lat' dir='ltr'>in</span> <span class='ocrx_word' id='word_1_110' title='bbox 1071 2659 1179 2724; x_wconf 90' lang='lat' dir='ltr'>titulis</span> <span class='ocrx_word' id='word_1_111' title='bbox 1191 2680 1267 2723; x_wconf 88' lang='lat' dir='ltr'>raro</span> 
     </span>
    </p>
   </div>
   <div class='ocr_carea' id='block_1_4' title="bbox 114 2778 1265 3224">
    <p class='ocr_par' dir='ltr' id='par_1_5' title="bbox 114 2778 1265 2984">
     <span class='ocr_line' id='line_1_16' title="bbox 114 2778 1265 2873; baseline 0.001 -32"><span class='ocrx_word' id='word_1_112' title='bbox 114 2778 408 2862; x_wconf 82' lang='lat' dir='ltr'>significaverunt3</span> <span class='ocrx_word' id='word_1_113' title='bbox 434 2800 503 2863; x_wconf 91' lang='lat' dir='ltr'>quo</span> <span class='ocrx_word' id='word_1_114' title='bbox 527 2779 655 2844; x_wconf 88' lang='lat' dir='ltr'>factum</span> <span class='ocrx_word' id='word_1_115' title='bbox 676 2789 738 2873; x_wconf 86' lang='lat' dir='ltr'>est,</span> <span class='ocrx_word' id='word_1_116' title='bbox 759 2790 884 2844; x_wconf 93' lang='lat' dir='ltr'>utnon</span> <span class='ocrx_word' id='word_1_117' title='bbox 905 2780 1013 2844; x_wconf 90' lang='lat' dir='ltr'>multa</span> <span class='ocrx_word' id='word_1_118' title='bbox 1025 2780 1093 2844; x_wconf 93' lang='lat' dir='ltr'>sint</span> <span class='ocrx_word' id='word_1_119' title='bbox 1105 2780 1265 2857; x_wconf 87' lang='lat' dir='ltr'>carmina,</span> 
     </span>
     <span class='ocr_line' id='line_1_17' title="bbox 115 2898 946 2984; baseline 0.001 -22"><span class='ocrx_word' id='word_1_120' title='bbox 115 2898 239 2982; x_wconf 93' lang='lat' dir='ltr'>quibus</span> <span class='ocrx_word' id='word_1_121' title='bbox 261 2919 305 2963; x_wconf 92' lang='lat' dir='ltr'>an</span> <span class='ocrx_word' id='word_1_122' title='bbox 328 2900 372 2964; x_wconf 92' lang='lat' dir='ltr'>sit</span> <span class='ocrx_word' id='word_1_123' title='bbox 395 2899 466 2964; x_wconf 90' lang='lat' dir='ltr'>vita</span> <span class='ocrx_word' id='word_1_124' title='bbox 489 2909 567 2984; x_wconf 90' lang='lat' dir='ltr'>post</span> <span class='ocrx_word' id='word_1_125' title='bbox 592 2909 736 2964; x_wconf 89' lang='lat' dir='ltr'>mortem</span> <span class='ocrx_word' id='word_1_126' title='bbox 760 2900 946 2964; x_wconf 87' lang='lat' dir='ltr'>dubitetur.</span> 
     </span>
    </p>

    <p class='ocr_par' dir='ltr' id='par_1_6' title="bbox 114 3020 1201 3224">
     <span class='ocr_line' id='line_1_18' title="bbox 159 3020 514 3086; baseline 0.003 -3"><span class='ocrx_word' id='word_1_127' title='bbox 159 3020 383 3086; x_wconf 85' lang='lat' dir='ltr'>inveniuntur</span> <span class='ocrx_word' id='word_1_128' title='bbox 406 3020 514 3085; x_wconf 88' lang='lat' dir='ltr'>haec:</span> 
     </span>
     <span class='ocr_line' id='line_1_19' title="bbox 114 3137 1201 3224; baseline -0.001 -20"><span class='ocrx_word' id='word_1_129' title='bbox 114 3140 294 3224; x_wconf 88' lang='lat' dir='ltr'>Bch.132:</span> <span class='ocrx_word' id='word_1_130' title='bbox 397 3141 529 3217; x_wconf 90' lang='lat' dir='ltr'>Precor,</span> <span class='ocrx_word' id='word_1_131' title='bbox 554 3141 582 3204; x_wconf 93' lang='lat' dir='ltr'>si</span> <span class='ocrx_word' id='word_1_132' title='bbox 606 3141 664 3223; x_wconf 92' lang='lat' dir='ltr'>qui</span> <span class='ocrx_word' id='word_1_133' title='bbox 690 3141 771 3205; x_wconf 91' lang='lat' dir='ltr'>estis</span> <span class='ocrx_word' id='word_1_134' title='bbox 794 3141 925 3216; x_wconf 91' lang='lat' dir='ltr'>Manes,</span> <span class='ocrx_word' id='word_1_135' title='bbox 949 3148 986 3204; x_wconf 89' lang='lat' dir='ltr'>ut</span> <span class='ocrx_word' id='word_1_136' title='bbox 1009 3137 1201 3203; x_wconf 89' lang='lat' dir='ltr'>Trebelliae</span> 
     </span>
    </p>
   </div>
   <div class='ocr_carea' id='block_1_5' title="bbox 117 3262 1268 3950">
    <p class='ocr_par' dir='ltr' id='par_1_7' title="bbox 117 3262 1268 3950">
     <span class='ocr_line' id='line_1_20' title="bbox 396 3262 623 3326; baseline 0 -2"><span class='ocrx_word' id='word_1_137' title='bbox 396 3262 439 3326; x_wconf 90' lang='lat' dir='ltr'>sit</span> <span class='ocrx_word' id='word_1_138' title='bbox 462 3262 623 3325; x_wconf 87' lang='lat' dir='ltr'>suaviter.</span> 
     </span>
     <span class='ocr_line' id='line_1_21' title="bbox 117 3379 1169 3465; baseline 0 -21"><span class='ocrx_word' id='word_1_139' title='bbox 117 3379 199 3446; x_wconf 87' lang='lat' dir='ltr'>Bch.</span> <span class='ocrx_word' id='word_1_140' title='bbox 217 3398 298 3465; x_wconf 88' lang='lat'>192:</span> <span class='ocrx_word' id='word_1_141' title='bbox 402 3390 439 3445; x_wconf 91' lang='lat' dir='ltr'>ut</span> <span class='ocrx_word' id='word_1_142' title='bbox 462 3380 685 3464; x_wconf 88' lang='lat' dir='ltr'>perferantur,</span> <span class='ocrx_word' id='word_1_143' title='bbox 709 3382 737 3444; x_wconf 92' lang='lat' dir='ltr'>si</span> <span class='ocrx_word' id='word_1_144' title='bbox 760 3401 829 3464; x_wconf 91' lang='lat' dir='ltr'>qua</span> <span class='ocrx_word' id='word_1_145' title='bbox 851 3389 940 3458; x_wconf 93' lang='lat' dir='ltr'>sunt,</span> <span class='ocrx_word' id='word_1_146' title='bbox 965 3381 1010 3445; x_wconf 92' lang='lat' dir='ltr'>ad</span> <span class='ocrx_word' id='word_1_147' title='bbox 1033 3379 1169 3444; x_wconf 76' lang='lat' dir='ltr'>inferos.</span> 
     </span>
     <span class='ocr_line' id='line_1_22' title="bbox 117 3501 1261 3586; baseline 0 -22"><span class='ocrx_word' id='word_1_148' title='bbox 117 3501 372 3586; x_wconf 79' lang='lat' dir='ltr'>Bch.1057.15:</span> <span class='ocrx_word' id='word_1_149' title='bbox 403 3501 439 3567; x_wconf 90' lang='lat' dir='ltr'>Si</span> <span class='ocrx_word' id='word_1_150' title='bbox 459 3511 538 3566; x_wconf 94' lang='lat' dir='ltr'>sunt</span> <span class='ocrx_word' id='word_1_151' title='bbox 562 3503 596 3566; x_wconf 95' lang='lat' dir='ltr'>di</span> <span class='ocrx_word' id='word_1_152' title='bbox 622 3502 752 3580; x_wconf 92' lang='lat' dir='ltr'>Manes,</span> <span class='ocrx_word' id='word_1_153' title='bbox 777 3504 845 3566; x_wconf 88' lang='lat' dir='ltr'>ianr</span> <span class='ocrx_word' id='word_1_154' title='bbox 870 3503 941 3567; x_wconf 87' lang='lat' dir='ltr'>nati</span> <span class='ocrx_word' id='word_1_155' title='bbox 966 3522 1091 3565; x_wconf 92' lang='lat' dir='ltr'>numen</span> <span class='ocrx_word' id='word_1_156' title='bbox 1116 3501 1261 3565; x_wconf 79' lang='lat' dir='ltr'>habetis</span> 
     </span>
     <span class='ocr_line' id='line_1_23' title="bbox 117 3620 1223 3705; baseline -0.001 -20"><span class='ocrx_word' id='word_1_157' title='bbox 117 3620 351 3705; x_wconf 84' lang='lat' dir='ltr'>Bch.1190.3:</span> <span class='ocrx_word' id='word_1_158' title='bbox 405 3621 441 3688; x_wconf 90' lang='lat' dir='ltr'>Si</span> <span class='ocrx_word' id='word_1_159' title='bbox 466 3631 581 3686; x_wconf 87' lang='lat' dir='ltr'>tamen</span> <span class='ocrx_word' id='word_1_160' title='bbox 605 3630 641 3686; x_wconf 89' lang='lat' dir='ltr'>at</span> <span class='ocrx_word' id='word_1_161' title='bbox 666 3623 785 3687; x_wconf 90' lang='lat' dir='ltr'>Manes</span> <span class='ocrx_word' id='word_1_162' title='bbox 808 3623 977 3687; x_wconf 91' lang='lat' dir='ltr'>credimus</span> <span class='ocrx_word' id='word_1_163' title='bbox 997 3642 1070 3686; x_wconf 92' lang='lat' dir='ltr'>esse</span> <span class='ocrx_word' id='word_1_164' title='bbox 1093 3621 1223 3704; x_wconf 90' lang='lat' dir='ltr'>aliquit.</span> 
     </span>
     <span class='ocr_line' id='line_1_24' title="bbox 117 3742 1268 3827; baseline -0.002 -20"><span class='ocrx_word' id='word_1_165' title='bbox 117 3742 199 3808; x_wconf 91' lang='lat' dir='ltr'>Bch.</span> <span class='ocrx_word' id='word_1_166' title='bbox 218 3759 319 3826; x_wconf 87' lang='lat'>1323:</span> <span class='ocrx_word' id='word_1_167' title='bbox 407 3742 443 3809; x_wconf 95' lang='lat' dir='ltr'>Si</span> <span class='ocrx_word' id='word_1_168' title='bbox 480 3745 583 3808; x_wconf 93' lang='lat' dir='ltr'>modo</span> <span class='ocrx_word' id='word_1_169' title='bbox 617 3752 697 3807; x_wconf 91' lang='lat' dir='ltr'>sunt</span> <span class='ocrx_word' id='word_1_170' title='bbox 728 3743 857 3820; x_wconf 90' lang='lat' dir='ltr'>Manes,</span> <span class='ocrx_word' id='word_1_171' title='bbox 890 3744 1056 3808; x_wconf 89' lang='lat' dir='ltr'>sentiant:</span> <span class='ocrx_word' id='word_1_172' title='bbox 1088 3763 1167 3827; x_wconf 90' lang='lat' dir='ltr'>spes</span> <span class='ocrx_word' id='word_1_173' title='bbox 1198 3742 1268 3806; x_wconf 91' lang='lat' dir='ltr'>vite</span> 
     </span>
     <span class='ocr_line' id='line_1_25' title="bbox 950 3860 1223 3950; baseline -0.004 -23"><span class='ocrx_word' id='word_1_174' title='bbox 950 3860 1078 3950; x_wconf 86' lang='lat' dir='ltr'>[nostre</span> <span class='ocrx_word' id='word_1_175' title='bbox 1102 3862 1223 3927; x_wconf 85' lang='lat' dir='ltr'>fueras.</span> 
     </span>
    </p>
   </div>
   <div class='ocr_carea' id='block_1_6' title="bbox 121 4050 1271 4884">
    <p class='ocr_par' dir='ltr' id='par_1_8' title="bbox 121 4050 1271 4466">
     <span class='ocr_line' id='line_1_26' title="bbox 152 4050 1269 4119; baseline -0.002 -17"><span class='ocrx_word' id='word_1_176' title='bbox 152 4050 179 4118; x_wconf 89' lang='lat'>1)</span> <span class='ocrx_word' id='word_1_177' title='bbox 197 4051 231 4102; x_wconf 85' lang='lat' dir='ltr'>cf.</span> <span class='ocrx_word' id='word_1_178' title='bbox 249 4052 305 4102; x_wconf 92' lang='lat' dir='ltr'>Cic.</span> <span class='ocrx_word' id='word_1_179' title='bbox 325 4053 402 4104; x_wconf 92' lang='lat' dir='ltr'>Tusc.</span> <span class='ocrx_word' id='word_1_180' title='bbox 422 4052 490 4119; x_wconf 92' lang='lat' dir='ltr'>disp.</span> <span class='ocrx_word' id='word_1_181' title='bbox 510 4064 567 4115; x_wconf 88' lang='lat'>1.9.</span> <span class='ocrx_word' id='word_1_182' title='bbox 582 4051 628 4102; x_wconf 85' lang='lat'>18:</span> <span class='ocrx_word' id='word_1_183' title='bbox 650 4051 732 4117; x_wconf 87' lang='lat' dir='ltr'>„Sunt</span> <span class='ocrx_word' id='word_1_184' title='bbox 747 4051 817 4102; x_wconf 89' lang='lat' dir='ltr'>enim</span> <span class='ocrx_word' id='word_1_185' title='bbox 832 4051 878 4116; x_wconf 90' lang='lat' dir='ltr'>qui</span> <span class='ocrx_word' id='word_1_186' title='bbox 893 4050 1036 4101; x_wconf 86' lang='lat' dir='ltr'>discessum</span> <span class='ocrx_word' id='word_1_187' title='bbox 1045 4051 1269 4116; x_wconf 82' lang='lat' dir='ltr'>animiacorpore</span> 
     </span>
     <span class='ocr_line' id='line_1_27' title="bbox 122 4136 1270 4206; baseline -0.002 -17"><span class='ocrx_word' id='word_1_188' title='bbox 122 4146 235 4206; x_wconf 82' lang='lat' dir='ltr'>„putent</span> <span class='ocrx_word' id='word_1_189' title='bbox 262 4155 318 4191; x_wconf 87' lang='lat' dir='ltr'>esse</span> <span class='ocrx_word' id='word_1_190' title='bbox 345 4147 470 4206; x_wconf 79' lang='lat' dir='ltr'>mortem3</span> <span class='ocrx_word' id='word_1_191' title='bbox 494 4145 556 4190; x_wconf 92' lang='lat' dir='ltr'>sunt</span> <span class='ocrx_word' id='word_1_192' title='bbox 580 4139 626 4205; x_wconf 93' lang='lat' dir='ltr'>qui</span> <span class='ocrx_word' id='word_1_193' title='bbox 648 4139 750 4189; x_wconf 87' lang='lat' dir='ltr'>nullum</span> <span class='ocrx_word' id='word_1_194' title='bbox 768 4139 823 4189; x_wconf 87' lang='lat' dir='ltr'>fieri</span> <span class='ocrx_word' id='word_1_195' title='bbox 841 4144 965 4188; x_wconf 88' lang='lat' dir='ltr'>censeant</span> <span class='ocrx_word' id='word_1_196' title='bbox 984 4137 1136 4204; x_wconf 79' lang='lat' dir='ltr'>discessum,</span> <span class='ocrx_word' id='word_1_197' title='bbox 1153 4136 1201 4188; x_wconf 94' lang='lat' dir='ltr'>sed</span> <span class='ocrx_word' id='word_1_198' title='bbox 1218 4153 1270 4187; x_wconf 85' lang='lat' dir='ltr'>una</span> 
     </span>
     <span class='ocr_line' id='line_1_28' title="bbox 121 4224 1271 4294; baseline -0.003 -16"><span class='ocrx_word' id='word_1_199' title='bbox 121 4228 254 4293; x_wconf 80' lang='lat' dir='ltr'>„animum</span> <span class='ocrx_word' id='word_1_200' title='bbox 273 4234 299 4278; x_wconf 91' lang='lat' dir='ltr'>et</span> <span class='ocrx_word' id='word_1_201' title='bbox 317 4243 411 4293; x_wconf 93' lang='lat' dir='ltr'>corpus</span> <span class='ocrx_word' id='word_1_202' title='bbox 430 4226 559 4294; x_wconf 80' lang='lat' dir='ltr'>occidere,</span> <span class='ocrx_word' id='word_1_203' title='bbox 578 4227 746 4292; x_wconf 84' lang='lat' dir='ltr'>animumque</span> <span class='ocrx_word' id='word_1_204' title='bbox 765 4227 794 4276; x_wconf 94' lang='lat' dir='ltr'>in</span> <span class='ocrx_word' id='word_1_205' title='bbox 812 4241 921 4292; x_wconf 89' lang='lat' dir='ltr'>corpore</span> <span class='ocrx_word' id='word_1_206' title='bbox 937 4225 1063 4291; x_wconf 86' lang='lat' dir='ltr'>extingui.</span> <span class='ocrx_word' id='word_1_207' title='bbox 1074 4225 1126 4288; x_wconf 90' lang='lat' dir='ltr'>Qui</span> <span class='ocrx_word' id='word_1_208' title='bbox 1137 4224 1271 4275; x_wconf 88' lang='lat' dir='ltr'>discedere</span> 
     </span>
     <span class='ocr_line' id='line_1_29' title="bbox 122 4309 1231 4381; baseline -0.003 -17"><span class='ocrx_word' id='word_1_209' title='bbox 122 4315 255 4381; x_wconf 79' lang='lat' dir='ltr'>„animum</span> <span class='ocrx_word' id='word_1_210' title='bbox 274 4320 392 4381; x_wconf 83' lang='lat' dir='ltr'>censent,</span> <span class='ocrx_word' id='word_1_211' title='bbox 409 4314 455 4365; x_wconf 86' lang='lat' dir='ltr'>alii</span> <span class='ocrx_word' id='word_1_212' title='bbox 474 4315 562 4365; x_wconf 83' lang='lat' dir='ltr'>statim</span> <span class='ocrx_word' id='word_1_213' title='bbox 581 4313 711 4380; x_wconf 83' lang='lat' dir='ltr'>dissipari,</span> <span class='ocrx_word' id='word_1_214' title='bbox 730 4313 775 4364; x_wconf 81' lang='lat' dir='ltr'>alii</span> <span class='ocrx_word' id='word_1_215' title='bbox 795 4313 840 4363; x_wconf 92' lang='lat' dir='ltr'>diu</span> <span class='ocrx_word' id='word_1_216' title='bbox 859 4327 1019 4379; x_wconf 84' lang='lat' dir='ltr'>permanere,</span> <span class='ocrx_word' id='word_1_217' title='bbox 1037 4311 1083 4363; x_wconf 80' lang='lat' dir='ltr'>alii</span> <span class='ocrx_word' id='word_1_218' title='bbox 1102 4309 1231 4377; x_wconf 88' lang='lat' dir='ltr'>semper‘&#39;.</span> 
     </span>
     <span class='ocr_line' id='line_1_30' title="bbox 122 4399 1016 4466; baseline -0.003 -15"><span class='ocrx_word' id='word_1_219' title='bbox 122 4403 226 4451; x_wconf 89' lang='lat' dir='ltr'>Lucret.</span> <span class='ocrx_word' id='word_1_220' title='bbox 248 4401 347 4451; x_wconf 87' lang='lat'>1.106:</span> <span class='ocrx_word' id='word_1_221' title='bbox 420 4402 555 4466; x_wconf 81' lang='lat' dir='ltr'>ignoratur</span> <span class='ocrx_word' id='word_1_222' title='bbox 574 4401 644 4451; x_wconf 90' lang='lat' dir='ltr'>enim</span> <span class='ocrx_word' id='word_1_223' title='bbox 662 4415 730 4466; x_wconf 84' lang='lat' dir='ltr'>quae</span> <span class='ocrx_word' id='word_1_224' title='bbox 749 4401 783 4450; x_wconf 93' lang='lat' dir='ltr'>sit</span> <span class='ocrx_word' id='word_1_225' title='bbox 801 4407 893 4450; x_wconf 82' lang='lat' dir='ltr'>natura</span> <span class='ocrx_word' id='word_1_226' title='bbox 911 4399 1016 4465; x_wconf 82' lang='lat' dir='ltr'>animai,</span> 
     </span>
    </p>

    <p class='ocr_par' dir='ltr' id='par_1_9' title="bbox 417 4485 1084 4725">
     <span class='ocr_line' id='line_1_31' title="bbox 418 4485 1064 4555; baseline -0.003 -19"><span class='ocrx_word' id='word_1_227' title='bbox 418 4494 479 4538; x_wconf 83' lang='lat' dir='ltr'>nata</span> <span class='ocrx_word' id='word_1_228' title='bbox 497 4488 540 4555; x_wconf 83' lang='lat' dir='ltr'>sit,</span> <span class='ocrx_word' id='word_1_229' title='bbox 558 4503 592 4537; x_wconf 85' lang='lat' dir='ltr'>an</span> <span class='ocrx_word' id='word_1_230' title='bbox 611 4494 702 4536; x_wconf 86' lang='lat' dir='ltr'>contra</span> <span class='ocrx_word' id='word_1_231' title='bbox 721 4486 889 4536; x_wconf 83' lang='lat' dir='ltr'>nascentibus</span> <span class='ocrx_word' id='word_1_232' title='bbox 908 4485 1064 4551; x_wconf 82' lang='lat' dir='ltr'>insinuetur,</span> 
     </span>
     <span class='ocr_line' id='line_1_32' title="bbox 417 4572 1084 4639; baseline -0.003 -16"><span class='ocrx_word' id='word_1_233' title='bbox 417 4579 443 4623; x_wconf 94' lang='lat' dir='ltr'>et</span> <span class='ocrx_word' id='word_1_234' title='bbox 460 4572 538 4623; x_wconf 88' lang='lat' dir='ltr'>simul</span> <span class='ocrx_word' id='word_1_235' title='bbox 555 4573 667 4623; x_wconf 84' lang='lat' dir='ltr'>intereat</span> <span class='ocrx_word' id='word_1_236' title='bbox 687 4573 825 4624; x_wconf 90' lang='lat' dir='ltr'>nobiscum</span> <span class='ocrx_word' id='word_1_237' title='bbox 844 4578 927 4622; x_wconf 88' lang='lat' dir='ltr'>morte</span> <span class='ocrx_word' id='word_1_238' title='bbox 946 4572 1084 4639; x_wconf 73' lang='lat' dir='ltr'>dirempta,</span> 
     </span>
     <span class='ocr_line' id='line_1_33' title="bbox 418 4658 1052 4725; baseline -0.002 -15"><span class='ocrx_word' id='word_1_239' title='bbox 418 4676 451 4711; x_wconf 84' lang='lat' dir='ltr'>an</span> <span class='ocrx_word' id='word_1_240' title='bbox 472 4662 593 4710; x_wconf 85' lang='lat' dir='ltr'>tenebras</span> <span class='ocrx_word' id='word_1_241' title='bbox 613 4659 676 4710; x_wconf 91' lang='lat' dir='ltr'>Orci</span> <span class='ocrx_word' id='word_1_242' title='bbox 694 4661 761 4710; x_wconf 77' lang='lat' dir='ltr'>visat</span> <span class='ocrx_word' id='word_1_243' title='bbox 779 4666 918 4724; x_wconf 83' lang='lat' dir='ltr'>vastasque</span> <span class='ocrx_word' id='word_1_244' title='bbox 936 4658 1052 4725; x_wconf 81' lang='lat' dir='ltr'>lacunas,</span> 
     </span>
    </p>

    <p class='ocr_par' dir='ltr' id='par_1_10' title="bbox 381 4746 1002 4884">
     <span class='ocr_line' id='line_1_34' title="bbox 381 4746 1002 4812; baseline -0.01 -11"><span class='ocrx_word' id='word_1_245' title='bbox 381 4798 382 4801; x_wconf 76' lang='grc'>,</span> <span class='ocrx_word' id='word_1_246' title='bbox 418 4763 451 4798; x_wconf 82' lang='lat' dir='ltr'>an</span> <span class='ocrx_word' id='word_1_247' title='bbox 471 4747 585 4812; x_wconf 89' lang='lat' dir='ltr'>pecudes</span> <span class='ocrx_word' id='word_1_248' title='bbox 602 4746 667 4797; x_wconf 83' lang='lat' dir='ltr'>alias</span> <span class='ocrx_word' id='word_1_249' title='bbox 686 4746 813 4797; x_wconf 86' lang='lat' dir='ltr'>divinitus</span> <span class='ocrx_word' id='word_1_250' title='bbox 831 4747 948 4797; x_wconf 90' lang='lat' dir='ltr'>insinuet</span> <span class='ocrx_word' id='word_1_251' title='bbox 966 4762 1002 4812; x_wconf 81' lang='lat' dir='ltr'>se,</span> 
     </span>
     <span class='ocr_line' id='line_1_35' title="bbox 419 4833 800 4884; baseline 0 -1"><span class='ocrx_word' id='word_1_252' title='bbox 419 4833 521 4884; x_wconf 87' lang='lat' dir='ltr'>Ennius</span> <span class='ocrx_word' id='word_1_253' title='bbox 540 4839 569 4883; x_wconf 92' lang='lat' dir='ltr'>ut</span> <span class='ocrx_word' id='word_1_254' title='bbox 587 4841 676 4884; x_wconf 88' lang='lat' dir='ltr'>noster</span> <span class='ocrx_word' id='word_1_255' title='bbox 695 4833 800 4884; x_wconf 87' lang='lat' dir='ltr'>cecinit.</span> 
     </span>
    </p>
   </div>
   <div class='ocr_carea' id='block_1_7' title="bbox 0 0 1572 5476">
    <p class='ocr_par' dir='ltr' id='par_1_11' title="bbox 0 0 1572 5476">
     <span class='ocr_line' id='line_1_36' title="bbox 0 0 1572 5476; baseline 0 0"><span class='ocrx_word' id='word_1_256' title='bbox 0 0 1572 5476; x_wconf 95' lang='lat' dir='ltr'> </span> 
     </span>
    </p>
   </div>
  </div>
 </body>
</html>
