3134 5476
844 377 887 439 24

335 545 429 608 Haec
465 542 624 626 exempla
660 541 788 606 Graeca
823 541 1000 617 sufficiant,
1033 540 1156 623 quibus
1186 543 1439 607 demonstretur

290 674 501 748 quantopere
526 664 657 727 animos
680 672 835 727 veterum
855 663 1042 746 pervaserit
1062 663 1178 745 opinio
1199 672 1345 727 mortem
1365 684 1438 727 esse

289 786 379 848 vitae
404 786 543 866 eiusque
565 782 730 847 malorum
751 783 853 846 finem
874 782 1135 866 optatissimum.
1157 782 1210 846 Ne
1231 783 1294 845 sim
1315 783 1439 846 nimius

291 905 414 968 Latina
438 912 572 967 tantum
597 903 666 966 duo
690 904 834 967 addam:

289 1025 359 1090 Cic.
371 1025 472 1088 Tusc.
486 1025 573 1107 disp.
591 1024 715 1087 1.8.16:
739 1024 903 1106 quoniam
927 1029 1005 1105 post
1030 1029 1176 1086 mortem
1201 1021 1248 1086 nil
1273 1021 1351 1086 mali
1375 1030 1438 1086 est.

289 1144 513 1229 Epitaphium
537 1143 705 1209 Senecae:

356 1285 445 1340 cura,
468 1263 575 1341 labor,
600 1265 768 1339 meritum,
792 1263 920 1347 sumpti
943 1283 1005 1346 pro
1030 1283 1169 1326 munere
1193 1263 1350 1339 honoreS,

446 1384 502 1460 ite,
528 1384 610 1448 alias
634 1393 713 1468 post
737 1384 824 1448 hanc
848 1383 1028 1447 sollicitate
1054 1383 1194 1448 animas.

289 1505 449 1570 Ceterum
472 1504 513 1568 cl.
539 1506 576 1569 Β.
601 1505 681 1569 Lier
705 1503 756 1568 l.l.
781 1503 799 1587 ξ
824 1517 876 1586 35.

333 1940 349 2002 s
372 1948 404 2009 4.
428 1927 516 1994 Sunt
535 1927 635 2003 tituli,
657 1927 779 2010 quibus
799 1928 881 1991 dum
901 1928 972 1990 vita
991 1927 1199 2011 suppeditat,
1216 1928 1305 1991 vitae
1321 1926 1440 2010 volup·

289 2050 416 2114 tatibus
441 2049 620 2112 fruendum
641 2069 714 2110 esse
734 2049 867 2112 dicitur.
890 2047 1044 2130 Quorum
1064 2048 1240 2112 titulorum
1260 2069 1439 2132 argumen-

289 2178 362 2234 tum
398 2192 442 2234 ex
476 2170 615 2254 Epicuri
652 2170 833 2252 praecipue
869 2169 1025 2232 doctrina
1059 2178 1233 2252 sumptum
1264 2189 1337 2231 esse
1370 2188 1439 2231 non

288 2291 422 2354 videtur
457 2298 734 2354 consentaneum.
768 2289 906 2371 Epicuri
930 2289 1022 2352 enim
1047 2290 1201 2370 quamvis
1225 2297 1260 2351 et
1283 2288 1440 2372 discipuli

289 2417 325 2474 et
359 2417 544 2473 sectatores
575 2409 732 2472 homines
761 2415 875 2472 essent
906 2409 1059 2471 omnium
1091 2408 1248 2471 ordinum
1273 2416 1308 2471 et
1332 2429 1377 2472 ex
1400 2409 1440 2472 iis

285 2531 367 2593 satis
403 2528 527 2593 multos
563 2528 663 2592 fuisse
696 2535 838 2604 constet,
872 2528 930 2610 qui
954 2527 1188 2610 voluptatibus
1212 2528 1439 2612 indulgerent,

289 2651 445 2714 doctrina
485 2658 601 2713 tamen
639 2648 797 2712 libidines
831 2647 1069 2731 luxuriamque
1106 2669 1174 2712 non
1209 2652 1439 2727 commendat,

287 2777 409 2852 utpote
443 2790 532 2852 quae
567 2789 644 2833 cum
679 2769 783 2832 animi
819 2765 978 2850 ἀταραξίᾳ
1014 2789 1102 2851 quae
1134 2770 1266 2846 dicitur,
1300 2772 1439 2835 minime

289 2889 496 2952 conveniant
511 2886 543 2972 ¹).
579 2889 634 2952 Ex
665 2909 782 2952 eorum
814 2890 928 2972 potius
959 2890 1130 2953 sententia
1159 2900 1334 2975 sumptum
1366 2913 1440 2956 esse

288 3008 423 3072 videtur
458 3009 525 3073 tale
550 3019 798 3094 argumentum,
823 3012 881 3093 qui
907 3019 1053 3074 mortem
1079 3032 1215 3094 prorsus
1238 3032 1311 3076 esse
1335 3012 1440 3076 finem

289 3137 450 3212 putarent
485 3139 543 3194 aut
574 3130 665 3193 vitae
697 3138 756 3193 aut
779 3130 995 3212 voluptatum
1019 3131 1141 3196 saltem
1166 3152 1292 3206 earum,
1316 3133 1441 3215 quibus

288 3250 444 3312 viventes
489 3250 744 3332 quodammodo
788 3248 996 3326 fruerentur,
1038 3252 1164 3335 quique
1207 3273 1243 3314 se
1287 3262 1440 3317 mortuos

288 3368 447 3431 omnibus
470 3368 561 3431 vitae
584 3369 717 3451 gaudiis
742 3389 856 3433 carere
878 3369 1033 3434 dolerent
1047 3368 1081 3455 ²).
1103 3371 1294 3435 Titulorum
1315 3393 1441 3456 genera

289 3496 369 3551 sunt
403 3488 481 3562 duo,
514 3495 548 3550 et
580 3508 698 3552 eorum
730 3489 787 3570 qui
813 3498 984 3553 mortuum
1008 3490 1056 3553 ita
1079 3491 1204 3554 vixisse
1228 3493 1377 3569 tradunt,
1403 3500 1441 3557 ut

289 3608 404 3672 animo
428 3607 619 3691 indulgeret
638 3609 797 3691 vitaeque
819 3609 1053 3692 voluptatibus
1070 3609 1245 3687 frueretur,
1266 3620 1440 3677 eteorum

289 3729 348 3811 qui
372 3728 559 3792 admonent
582 3710 820 3811 superstitibus
845 3730 949 3794 talem
973 3731 1079 3795 vitam
1103 3732 1287 3796 vivendam
1311 3752 1394 3796 esse.

336 3848 506 3931 Exempla
529 3858 608 3913 sunt
630 3849 733 3913 haec:

291 3968 372 4033 Bch.
401 3970 479 4054 187:
504 3969 595 4032 Dum
619 3971 700 4046 vixi,
724 3971 794 4033 vixi
819 3972 995 4054 quomodo
1019 3972 1188 4036 condecet
1211 3973 1405 4057 ingenuom.

559 4091 653 4172 quod
677 4092 812 4155 comedi
836 4099 871 4156 et
895 4092 998 4168 ebibi,
1023 4101 1157 4157 tantum
1182 4113 1259 4157 meu
1283 4101 1345 4158 est.

291 4212 387 4274 Idem
413 4209 482 4273 fere
896 4176 899 4181 .

293 4330 374 4394 Bch.
384 4347 466 4412 244:
488 4331 581 4413 quod
595 4332 650 4395 edi
664 4331 745 4407 bibi,
759 4351 894 4396 mecum
907 4331 1028 4410 habeo,
1043 4333 1136 4415 quod
1151 4333 1281 4417 reliqui,
1295 4335 1440 4419 perdidi.

293 4499 480 4515 —Q

324 4590 350 4659 1)
368 4591 402 4641 cf.
421 4591 532 4656 Woltjer
549 4593 592 4644 l.1.
613 4610 639 4660 p.
658 4608 683 4658 4.
702 4595 774 4644 Inter
790 4594 884 4646 horum
903 4595 1038 4647 titulorum
1056 4597 1197 4663 scriptores
1216 4613 1258 4648 me
1277 4613 1331 4648 non
1343 4613 1440 4664 negare

292 4684 318 4728 et
337 4677 417 4729 luisse
434 4679 578 4745 Epicureos
601 4696 693 4747 perse
712 4681 882 4750 intellegitur.

323 4764 352 4833 2)
370 4765 403 4816 cf.
422 4767 525 4818 Lucret.
545 4780 623 4833 3.912
644 4783 703 4837 sqq.
