3134 5476
760 369 801 437 73

250 528 475 595 Conferantur
491 534 630 598 Lucian.
645 538 688 599 de
701 537 780 601 luct.
795 553 829 621 7:
850 529 931 599 οὗτοι
946 536 1003 618 (εο.
1016 535 1199 598 inferorum
1213 531 1353 614 iudices)

204 647 275 719 τοὺς
309 648 367 722 μὲν
402 650 541 727 ἀγαθοὺς
572 659 631 717 τῶν
664 655 778 737 οίνδρῶν
813 657 867 720 καί
900 654 1033 727 δικαίους
1067 652 1120 717 καί
1145 653 1219 716 κατ’
1243 650 1354 731 οίρετίιν

204 767 404 846 βεβιωκότας
429 811 473 820 -
504 773 646 856 καίοίπερ
685 779 716 850 ές
750 777 897 842 ἀποικίαν
932 774 1003 840 τινα
1039 774 1216 851 πέμπουσιν
1251 772 1281 842 ές
1317 770 1352 835 τὸ

206 889 352 955 Ἠλύσιον
377 892 478 958 πεδίον
502 897 544 975 τῷ
568 896 683 977 οίρίοτῳ
706 897 766 978 βίῳ
794 897 1029 975 συνεσομένους.
1060 895 1227 961 Plutarch.
1252 894 1352 958 Cous,

206 1012 251 1074 ad
276 1012 392 1095 Apoll.
418 1034 477 1097 34:
503 1017 529 1080 εί
556 1016 598 1080 δ’ὁ
626 1019 685 1081 τῶν
709 1024 854 1083 παλαιῶν
879 1023 1010 1093 ποιητῶν
1035 1042 1071 1081 τε
1095 1015 1147 1080 καί
1172 1012 1355 1096 φιλοσόφων

207 1130 302 1208 λόγος
327 1133 411 1207 ἐστίν
434 1138 563 1210 ἀληθής,
590 1135 691 1218 ὥσπερ
715 1141 794 1210 εἰκὸς
820 1139 906 1220 ἔχειν
932 1137 1022 1215 οὕτω,
1046 1138 1098 1202 καί
1124 1144 1188 1206 τοῖς
1211 1132 1355 1212 εὐσεβέσι

207 1259 267 1315 τῶν
310 1255 585 1335 μεταλλαξάντων
630 1261 698 1324 ἕστί
732 1285 779 1331 τις
817 1263 895 1340 τιμὴ
931 1262 983 1325 καί
1025 1259 1179 1341 προεδρία.
1217 1255 1357 1337 καίοίπερ

206 1373 353 1452 λέγεται,
390 1376 443 1440 καί
477 1379 575 1459 χωρίς
606 1403 653 1451 τις
680 1380 953 1460 ἀποτεταγμένος,
981 1382 1011 1445 έν
1036 1372 1057 1458 ᾧ
1082 1379 1293 1460 διατρίβουσιν
1319 1380 1351 1442 αἱ

206 1495 323 1561 τούτων
358 1498 537 1578 ψυχαί
562 1503 603 1566 ci.
631 1504 686 1585 36:
709 1501 763 1566 τὸν
789 1504 847 1578 μὲν
873 1501 996 1572 δικαίως
1025 1499 1186 1567 διελίίντα
1213 1501 1265 1564 τδν
1288 1498 1357 1579 βίον

206 1617 260 1680 καί
297 1617 396 1693 ὁσίως,
431 1621 557 1685 ἐπειδὰν
592 1623 779 1703 τελευτήσῃ,
814 1625 857 1694 είς
893 1622 1042 1703 μακοίρων
1078 1625 1184 1698 νήσους
1221 1620 1358 1685 οίπιίντα

207 1739 300 1803 οίκεῑν
326 1740 355 1803 έν
380 1738 468 1821 ποίου
491 1742 672 1826 εὐδαιμονίᾳ
695 1744 782 1814 ἐκτὸς
807 1746 920 1808 κακῶν.
943 1745 1039 1829 (Plat.
1060 1746 1203 1828 Gorgias
1225 1758 1287 1826 523
1301 1744 1356 1826 A).

209 1861 254 1924 A.
269 1862 304 1924 Ρ.
329 1863 398 1926 VII
423 1864 498 1947 690,
523 1865 581 1928 ubi
605 1866 681 1947 quis
704 1867 738 1929 in
763 1865 1012 1930 fortunatorum
1036 1866 1162 1929 insulas
1186 1865 1358 1948 profectus

209 2001 283 2044 esse
306 1983 439 2061 dicitur,
463 1986 555 2066 quod
579 1986 714 2068 sapiens
738 1994 772 2049 et
797 1987 937 2050 consilio
961 1987 1111 2069 optimus
1131 1987 1164 2048 in
1184 1986 1256 2048 vita
1275 1993 1357 2048 erat.

210 2101 293 2164 Bch.
310 2121 392 2185 393:
440 2104 576 2187 Elysios
594 2117 717 2188 precor
741 2113 777 2168 ut
802 2106 910 2188 possis
933 2107 1095 2169 invadere
1120 2125 1260 2188 campos

435 2235 695 2309 matronamque
719 2226 812 2290 colas
835 2228 925 2291 Ditis
948 2229 1134 2310 Ditemque
1159 2227 1316 2310 preceris,

438 2347 496 2410 det
519 2349 618 2410 sedes
643 2357 680 2411 ut
703 2348 888 2412 honoratas
913 2350 1120 2431 meritosque
1145 2368 1306 2410 recessus.
1368 2422 1371 2429 Ι

213 2466 294 2529 Bch.
307 2483 391 2550 492:
438 2467 526 2531 hanc
543 2480 666 2552 precor
691 2470 818 2553 Elysiis
843 2472 960 2534 iubeas
984 2471 1169 2533 consistere
1193 2469 1323 2551 campis

433 2597 468 2651 et
492 2597 606 2671 myrta
630 2591 788 2655 redimire
813 2612 928 2655 comas
952 2599 987 2654 et
1010 2599 1167 2674 tempora
1190 2589 1284 2653 flore.

212 2827 293 2890 Bch.
312 2846 409 2911 1143:
435 2829 582 2894 molliter
606 2831 649 2894 ad
675 2839 818 2895 matrem
842 2832 967 2915 placidi
992 2831 1190 2895 descendite
1215 2851 1342 2905 manes,

524 2950 649 3033 Elysiis
673 2952 802 3034 campis
825 2953 945 3016 floreat
968 2952 1088 3042 umbra
1111 2950 1184 3014 tibi.

214 3070 412 3152 Bch.1465:
438 3072 533 3134 vivas
556 3074 614 3154 qui
639 3073 780 3136 dixeris:
806 3074 889 3136 vivit
915 3072 1049 3155 Elysiis.

213 3191 255 3254 cs.
281 3191 325 3254 Α.
341 3192 375 3253 Ρ.
401 3192 469 3255 VII
495 3209 554 3276 27:
579 3190 641 3265 είνς
667 3192 696 3255 ἕν
715 3192 923 3271 μακοίρεσσιν,
945 3192 1120 3271 Ἀνοίκρεον,
1143 3183 1235 3269 εὖχος
1250 3188 1364 3253 Ἰώνων.

216 3313 396 3375 Praeterea
419 3313 500 3377 Βοὴ.
524 3316 608 3396 498:

221 3512 414 3520 μαι-κ...-

245 3636 307 3686 Βοὴ.
329 3644 389 3702 525,
407 3648 456 3699 99ι
474 3660 498 3680 -.-
512 3648 573 3701 992,
594 3645 660 3698 1047
675 3658 699 3679 =
716 3634 793 3701 1048,
814 3647 891 3699 1244,
913 3645 988 3697 1321.
1009 3633 1061 3682 Kb.
1079 3641 1140 3698 259,
1158 3631 1219 3697 516,
1235 3632 1295 3696 569.
1307 3632 1361 3683 Cic.

215 3725 292 3775 Tusc.
319 3724 387 3788 disp.
419 3735 495 3786 1.72‚
523 3723 657 3773 Somnium
686 3723 756 3789 Seip.
788 3723 829 3786 16,
853 3722 902 3788 2⁶3
922 3722 1013 3771 Horat.
1033 3720 1083 3770 od.
1104 3731 1129 3783 3.
1140 3731 1225 3787 3.21;
1244 3721 1360 3785 Propert.

218 3821 355 3878 5.11.17;
374 3811 476 3861 Platon.
496 3810 600 3860 Phaedo
619 3812 653 3873 63
665 3810 695 3877 C,
716 3820 765 3872 107
776 3811 809 3860 D.
829 3808 953 3876 (Gorgias
972 3815 997 3857 et
1016 3807 1132 3872 Republ.
1154 3805 1206 3873 ιο).

218 3900 317 3950 Contra
336 3898 398 3948 Bch.
421 3898 502 3948 1066:
540 3898 604 3963 quid
623 3897 730 3963 prodest
748 3897 843 3948 vixisse
862 3897 890 3944 in
911 3894 1070 3945 amabilitate
1090 3895 1201 3944 facetum

601 3990 747 4049 cunctaque
765 3984 900 4034 blanditiis
918 3982 1057 4031 emeruisse
1076 3981 1145 4031 suis?

218 4072 250 4122 cf.
270 4071 333 4121 Bch.
355 4084 423 4133 1204
443 4077 469 4120 et
488 4071 553 4121 Cato
573 4072 644 4137 apud
663 4071 766 4120 Sallust.
786 4071 815 4120 in
835 4071 941 4121 Catilio.
962 4081 1003 4136 52.

247 4159 406 4209 Dubitauter
424 4159 488 4208 haec
507 4159 576 4208 dicta
596 4165 671 4208 sunt:

218 4246 281 4297 Bch.
305 4257 386 4309 1031:
459 4246 487 4295 Si
506 4261 558 4310 qua
576 4253 684 4295 manent
703 4247 783 4296 obitis
803 4247 871 4296 vitae
891 4246 948 4295 sine
968 4244 1057 4295 fraude
1078 4250 1197 4309 peractae

464 4333 579 4397 praemia
598 4334 646 4381 sub
666 4333 757 4382 terris.
770 4369 775 4381 .
787 4369 811 4382 ..

221 4419 285 4468 Bch.
306 4429 388 4482 1117:
463 4419 490 4468 Si
510 4420 591 4484 pietas
610 4419 718 4485 prodest
737 4419 862 4484 quiquam
880 4413 965 4487 (sici),
985 4417 1080 4467 vixisse
1100 4417 1225 4483 modeste,

519 4523 565 4557 vos
585 4523 678 4572 precor
696 4523 712 4555 o
731 4507 832 4570 Manes,
850 4506 884 4555 sit
903 4506 967 4555 mihi
985 4511 1052 4554 terra
1070 4505 1145 4554 levis.

215 4593 248 4642 ef.
267 4593 320 4643 Kb.
340 4592 390 4642 61:
463 4589 485 4639 εί
503 4588 529 4639 δέ
548 4606 587 4648 τις
605 4589 722 4652 εὐσεβίας
740 4591 808 4652 παρα
826 4592 978 4651 Περσεφίνκι
995 4588 1071 4652 χάρις
1089 4586 1169 4645 ἐστίν,

517 4674 560 4724 καί
578 4674 619 4725 συί
635 4673 715 4731 τῆσδε
732 4674 805 4738 μέρος
823 4673 885 4725 lane
902 4674 973 4738 τύχη
990 4673 1111 4738 φίιμένκι.

222 4760 311 4813 Simile
332 4762 383 4811 Kb.
403 4759 437 4824 48
456 4759 502 4827 (cl.
523 4760 596 4827 215),
617 4762 649 4810 A.
660 4761 687 4810 P.
707 4758 839 4825 vl1658.
