3134 5476
771 397 812 463 30

214 566 448 649 Bch.1328.3:
506 564 534 626 si
558 571 637 627 sunt
660 563 791 641 Manes,
812 565 856 629 sit
880 564 943 628 tibi
966 573 1056 629 terra
1079 563 1173 628 levis,

213 689 295 753 Bch.
310 687 426 771 3662:
505 685 533 748 si
556 684 638 767 quid
661 686 784 750 mortui
806 686 945 763 habent,
959 685 1025 749 hoc
1038 705 1151 749 meum
1164 685 1238 762 erit,
1251 693 1365 749 cetera

258 808 499 875 conferantur:
1171 803 1267 893 [liqui
1283 802 1318 890 ¹).

212 928 429 997 Cholodniak
453 944 513 1013 73:
559 926 587 990 si
613 946 701 1009 quae
725 936 804 992 sunt
828 928 960 992 Manes.

278 1050 361 1115 ibid.
453 1049 514 1128 84:
560 1047 587 1109 si
612 1054 665 1110 est
687 1046 808 1129 aliquit
832 1048 865 1111 in
891 1047 1039 1111 infernas
1062 1055 1176 1130 partes
1200 1047 1289 1110 bene

559 1174 634 1229 esto
662 1165 744 1230 felix
776 1175 811 1230 et
842 1166 900 1243 ibi,
924 1167 1118 1231 dulcissima
1140 1164 1365 1250 Thalassia2).

212 1289 257 1354 A.
271 1285 307 1354 P.
320 1288 390 1353 VII
416 1287 481 1369 566
505 1285 805 1371 (suprascriptum
830 1287 970 1371 legitur:
1001 1287 1043 1360 εἰς
1074 1287 1109 1351 τὸ
1138 1291 1190 1351 τοῦ
1222 1283 1365 1351 θανάτου

212 1405 327 1482 ἄδηλον
351 1404 404 1470 καί
429 1405 464 1469 τὸ
488 1409 542 1469 τοῦ
568 1402 640 1481 βίον
664 1403 922 1491 δυστέκμαρτον).

279 1534 364 1592 Γαῖα
388 1525 440 1591 καί
465 1524 637 1602 Είλύθνια,
663 1527 701 1591 σὺ
726 1527 784 1605 μὲν
807 1526 910 1602 τέκες,
937 1528 954 1602 ἡ
979 1526 1011 1592 δὲ
1035 1525 1222 1600 καλύττεις·

386 1646 545 1729 χαίρετον·
569 1646 767 1728 ἀμφοτέραις
793 1647 891 1724 ἤνυσα
914 1648 949 1714 τὸ
974 1646 1111 1714 στύδιον.

280 1764 345 1848 εἶμι
370 1769 401 1833 δὲ
427 1769 471 1847 μὴ
496 1769 582 1834 νοέων
607 1766 682 1834 τόθι
707 1768 845 1847 νίσομαι·
869 1769 936 1834 οὐδὲ
961 1771 1024 1852 γαρ
1050 1768 1149 1848 ὑμένος
1171 1772 1203 1856 (i.
1218 1793 1248 1836 e.
1269 1771 1299 1841 ἐς
1323 1770 1365 1856 zi.)

392 1889 409 1966 ἢ
434 1889 515 1962 τίνος
544 1889 560 1965 ἢ
585 1889 634 1963 τίς
658 1890 712 1954 ε’ύν
736 1883 804 1954 οἶδα
829 1887 926 1955 τόθεν
950 1889 1104 1969 μετίβιρν.

214 2011 501 2095 prmw

280 2132 319 2196 Ei
342 2131 431 2210 γένος
455 2130 609 2209 εὐσεβέων
634 2129 701 2212 ζύει
727 2129 815 2208 μετὰ
837 2129 940 2213 τέρμα
963 2131 1055 2211 βίοιο.

259 2344 298 2407 In
322 2343 444 2407 litteris
467 2351 502 2406 et
527 2341 665 2407 Graecis
689 2349 724 2406 et
748 2343 880 2406 Latinis
903 2344 1038 2427 saepius
1062 2342 1144 2407 talia
1167 2340 1335 2426 leguntur.

215 2462 322 2547 Apud
347 2462 548 2546 Euripidem
572 2461 755 2545 Hippolyt.
784 2463 864 2546 196:

541 2579 581 2646 δι’
604 2579 807 2661 ἀπειροσύνην
833 2577 934 2645 ἄλλον
957 2578 1066 2659 βιότου

537 2702 612 2766 κούκ
637 2698 797 2776 οὶτύδειξιν
820 2704 878 2764 τῶν
906 2700 963 2765 ύτύ
988 2700 1099 2780 μαίας·

535 2819 650 2900 μύθοις
674 2818 702 2884 δ’
725 2817 832 2892 ἄλλως
854 2819 1056 2903 Φερύμεσθα.

213 2943 385 3008 Heraclid.
411 2958 493 3028 591:
539 2942 611 3007 τύδ’
633 2940 704 3006 αντὶ
729 2943 848 3008 παίδων
872 2943 940 3008 ἕστί
963 2968 1015 3022 μοι
1039 2944 1189 3024 κειμήλιοι

540 3061 593 3126 καί
618 3061 822 3143 ταρθενείας,
848 3064 878 3132 εί
899 3091 930 3131 τι
958 3066 993 3142 δὴ
1020 3066 1105 3131 καίτοι
1130 3064 1259 3147 χθονός·

541 3183 586 3260 είν
612 3209 652 3263 με
677 3184 782 3264 μέντοι
808 3189 917 3267 μηδέν·
943 3189 968 3255 εί
994 3188 1057 3270 γὰρ
1081 3185 1192 3267 ἕξομεν

536 3306 632 3372 κύκεῖ
656 3307 810 3388 μερίμνας
834 3311 859 3375 οἱ
886 3308 1072 3390 θανούμενοι
1095 3310 1225 3391 βροτῶν,

542 3428 596 3492 ούιι
622 3424 680 3494 οἷδ’
705 3425 771 3495 ύντοι
796 3455 843 3505 τις
867 3432 1030 3515 τρέψεται.

217 3550 353 3634 Fragm.
378 3551 441 3633 813
466 3548 823 3639 (Stobaeus121.12):

539 3671 574 3736 τὸ
599 3671 653 3754 ζῆν
677 3671 741 3754 γαρ
766 3671 869 3751 ίσμεν,
894 3676 948 3738 τοῦ
973 3670 1083 3740 θανεῖν
1106 3671 1261 3754 δὀὶντειρίρι

539 3793 603 3863 τοῖς
628 3816 676 3865 τις
700 3791 854 3872 Φοβεῖται
878 3794 946 3875 Φῶς
971 3802 1076 3860 λιτεῖν
1099 3793 1163 3859 τύδ’
1189 3792 1287 3869 ἡλίου.

260 3909 449 3993 Hyperidis
491 3909 660 3993 ἕτιτύφιορ
703 3914 848 3998 (Hyper.
872 3923 957 3980 orat.
982 3924 1144 3999 quattuor
1187 3917 1241 3980 ed.
1273 3915 1368 3980 Blass

222 4031 301 4095 1881
329 4051 363 4114 p.
388 4030 460 4115 70):
485 4030 559 4112 πρὸς
583 4033 614 4097 δὲ
637 4031 770 4107 τούτοις,
796 4036 822 4100 εἰ
846 4033 904 4113 μέν
924 4036 991 4100 ἐστι
1012 4036 1047 4101 τὸ
1070 4033 1244 4100 ύντοθανεΐν
1266 4031 1368 4114 ύμοιον
1413 4038 1417 4046 '

211 4150 254 4232 τῷ
279 4149 324 4228 μὴ
348 4148 501 4228 γενέσθαι
528 4189 573 4201 -
596 4154 621 4220 εί
647 4155 673 4220 δ’
698 4152 782 4220 ἔστιν
807 4153 956 4233 αἴσθησις
981 4157 1012 4223 ἕν
1033 4155 1141 4223 Ἃιδου
1169 4170 1242 4222 κτλ.

212 4302 406 4317 *-

251 4367 277 4437 1)
287 4370 446 4421 Dubitanter
463 4372 532 4422 addo
551 4373 615 4424 Bch.
634 4375 702 4426 216:

373 4473 407 4507 ne
426 4464 454 4509 tu
472 4458 574 4528 fuisses,
592 4461 615 4511 si
634 4462 719 4513 futura
738 4468 791 4514 tam
809 4477 882 4530 grata

374 4544 449 4594 brevi
467 4547 571 4614 reverti,
590 4548 660 4599 unde
681 4550 758 4600 nobis
777 4551 847 4601 edita

375 4630 491 4682 nativom
510 4642 579 4685 esset
597 4642 624 4686 et
643 4637 797 4703 parentibus
815 4637 886 4688 luctu
904 4636 934 4705 (i.
944 4653 967 4688 e.
986 4639 1068 4690 luctui
1087 4639 1163 4708 esse).

249 4713 278 4782 2)
296 4715 329 4766 ef.
348 4717 450 4768 Dessau
472 4719 573 4773 szoxa:
593 4723 635 4774 Tu
654 4725 700 4790 qui
718 4724 785 4790 legis
802 4731 828 4775 et
844 4724 949 4776 dubitas
964 4727 1054 4778 Manes
1070 4743 1136 4796 esse,
1145 4728 1289 4795 sponsione
1299 4730 1368 4782 facta

218 4799 313 4853 invoca
329 4819 378 4853 nos
398 4811 424 4855 et
442 4805 591 4874 intelleges.
