3134 5476
671 402 709 468 25

117 559 360 647 Bch.484.6¹):
386 563 492 627 multa
517 566 703 630 iuventutis
726 565 790 630 feci
815 567 895 649 quia
918 587 993 628 sum
1018 565 1209 628 moriturus.

117 680 355 767 Bch.1259.2:
380 685 437 767 qui
462 685 526 749 sibi
551 687 633 750 dum
657 688 754 764 vixit,
777 687 858 751 fecit
883 687 1009 770 ubique
1032 686 1132 749 bene.

118 800 199 864 Βοὴ.
219 804 319 885 1318:
380 804 456 869 Hoc
490 827 556 888 ego
591 828 628 870 su
664 808 697 891 (i.
712 829 740 871 e.
776 808 863 891 sum)
898 807 933 870 in
968 805 1100 871 tumulo
1135 805 1266 868 Primus

922 923 1130 1013 [notissimus
1153 923 1219 989 ille.

386 1045 454 1108 vixi
478 1046 645 1123 Lucrinis,
669 1048 788 1131 potabi
812 1068 914 1131 saepe
941 1046 1135 1122 Falernum,

386 1164 500 1230 balnia
519 1167 598 1230 vina
611 1167 729 1231 Venus
743 1188 876 1232 mecum
888 1188 1029 1231 senuere
1043 1188 1104 1250 per
1116 1165 1267 1252 annos2).

119 1281 161 1345 cs.
186 1282 290 1347 etiam
314 1284 395 1347 Bch.
421 1300 471 1369 57,
500 1300 562 1367 512
587 1294 622 1350 et
647 1289 672 1351 1.
699 1287 738 1351 G.
765 1286 806 1351 R.
831 1286 910 1351 fasc.
936 1287 969 1351 II
994 1286 1105 1370 (1903)
1131 1303 1212 1371 307:

208 1400 410 1483 Εὐφρανὲτεὶς
436 1410 586 1486 συνεχῶς,
613 1404 759 1485 γελάσας
785 1406 904 1484 παίξας
930 1430 966 1470 τε
990 1405 1154 1487 τρυφήσας

209 1521 262 1586 καὶ
286 1523 396 1604 ψυχὴν
420 1525 531 1607 ἱλαρῶς
558 1524 683 1590 πάντων
707 1526 828 1608 vipoun
852 1530 884 1592 ἐν
908 1526 1041 1599 ααδαῖς.

208 1642 316 1707 οὐδένα
339 1646 499 1720 λυπήσας,
526 1648 559 1712 οὐ
584 1646 706 1729 λοίδορα
729 1646 860 1728 ῥήματα
886 1645 1034 1727 πέμψας,

730 1765 844 1833 ἐνθάδε
868 1775 988 1845 κεῖμαι.

123 2005 204 2069 Βοὴ.
215 2022 296 2088 243:
359 2009 450 2072 Dum
475 2008 544 2072 vixi
568 2009 641 2073 bibi
664 2009 820 2073 libenter.
846 2009 954 2073 bibite
978 2028 1040 2071 vos
1063 2007 1121 2090 qui
1146 2005 1269 2070 vivitis.

123 2127 306 2211 Bch.76.5:
353 2128 477 2193 Valete
501 2137 536 2193 et
559 2130 648 2194 bene
671 2131 774 2194 facite
798 2130 896 2193 vobis
919 2130 1001 2192 dum
1024 2126 1115 2191 licet.

168 2248 264 2312 Idem
289 2247 358 2313 lere
382 2249 464 2313 Bch.
490 2250 582 2334 77.6:

356 2369 432 2434 vale
456 2377 490 2434 et
515 2371 602 2435 bene
626 2368 730 2434 facito
754 2370 856 2447 vitae,
881 2370 962 2433 dum
986 2367 1094 2433 latum
1119 2366 1222 2430 venit.

170 2486 211 2552 cl.
236 2489 318 2553 Bch.
347 2507 418 2570 141.

124 2607 206 2671 Bch.
221 2610 313 2691 853:
356 2610 486 2687 ioceris,
511 2608 607 2674 ludas
631 2610 764 2674 hortor:
789 2610 843 2674 hic
867 2628 1001 2672 summa
1024 2615 1075 2672 est
1099 2607 1273 2671 severitas.

124 2729 336 2812 Bch.185.2:
361 2732 438 2796 vive
463 2733 498 2796 in
521 2733 594 2795 dies
619 2741 654 2795 et
678 2733 788 2808 horas,
813 2752 893 2795 nam
917 2731 1093 2814 proprium
1116 2726 1273 2792 estnihil.

125 2849 207 2914 Bch.
225 2851 302 2935 189:
360 2850 396 2916 Si
420 2853 494 2936 quit
518 2853 570 2917 bis
594 2852 629 2936 (i.
642 2873 671 2916 e.
697 2852 758 2935 vis)
783 2851 905 2928 facere,
929 2859 964 2914 te
984 2850 1067 2914 bibo
1085 2849 1120 2934 (i.
1130 2869 1159 2912 e.
1181 2847 1272 2931 vivo)

984 2969 1049 3058 [lac
1073 2968 1227 3032 dulciter.

127 3089 208 3153 Bch.
237 3108 313 3174 190:
360 3091 492 3156 Adeste
515 3093 625 3168 amici,
650 3092 800 3156 fruamur
822 3100 959 3174 tempus
982 3091 1121 3166 bonum,

360 3212 536 3296 epulemur
560 3212 650 3289 laeti,
674 3213 746 3276 vita
767 3214 849 3277 dum
874 3232 980 3295 parva
1004 3217 1130 3285 manet,

362 3332 498 3396 Baccho
523 3334 710 3409 madentes,
736 3332 851 3397 hilaris
874 3333 918 3395 sit
941 3330 1136 3395 concordia.

360 3454 482 3516 eadem
506 3452 659 3517 lecerunt
682 3453 717 3517 hi
742 3453 856 3517 cuncti
880 3472 958 3515 cum
984 3451 1149 3525 viverent,

361 3574 539 3650 dederunt,
561 3583 777 3658 acceperunt,
792 3574 873 3637 dum
887 3581 1010 3649 essent,
1024 3571 1140 3635 fruniti
1153 3577 1242 3634 sunt.
1256 3567 1280 3653 ³)

363 3702 397 3758 et
421 3715 484 3759 nos
506 3697 725 3778 antiquorum
749 3696 930 3759 emitemur
953 3703 1121 3776 tempora.

363 3815 440 3878 vive
464 3816 545 3879 dum
568 3817 664 3892 vivis,
690 3815 964 3899 necquidquam
988 3811 1209 3895 denegaveris

362 3936 477 3999 animo
500 3936 687 4020 indulgere,
711 3957 813 4019 quem
837 3934 1070 4000 commodavit
1093 3933 1186 3997 deus.

131 4052 400 4141 Bch.1500⁴):es
423 4057 504 4121 bibe
528 4056 607 4121 lude
631 4059 720 4121 veni.

153 4217 345 4229 —-—

165 4280 191 4349 1)
209 4282 243 4332 cf.
261 4281 360 4332 Plessis
379 4280 423 4331 l.l.
442 4297 469 4346 p.
489 4281 532 4331 26.

163 4367 192 4436 2)
211 4368 243 4418 cf.
263 4369 326 4419 Bch.
349 4381 417 4433 1499
431 4391 455 4412 =
469 4369 572 4418 Dessau
592 4366 672 4433 8157.

164 4455 193 4523 3)
210 4472 226 4516 ¹a
249 4456 330 4506 verbo
353 4455 481 4506 fruniscor
494 4475 519 4496 =
532 4455 611 4505 fruor.
635 4454 669 4505 cf.
697 4454 793 4520 Georg.
812 4455 870 4504 Lat.
889 4451 978 4503 Lexic.
998 4459 1024 4502 et
1043 4450 1126 4517 Neue,
1145 4450 1203 4499 Lat.
1223 4449 1286 4498 For·

135 4541 268 4593 menlehre
286 4542 345 4592 111³
365 4551 425 4608 570.

164 4627 194 4697 4)
211 4629 245 4679 cf.
264 4630 327 4680 Bch.
350 4639 416 4693 1317
436 4644 503 4695 quae
523 4628 683 4694 praecedunt
702 4635 728 4678 et
747 4628 879 4694 Orpheus,
899 4624 1135 4690 Uutersuchungen
1151 4639 1195 4672 zur
1211 4621 1285 4672 Grie·

135 4717 268 4783 chischen,
277 4716 447 4783 Romisclren,
454 4716 670 4767 Altchristlichen
677 4715 922 4781 Jenseitsdichtung
931 4712 986 4763 und
995 4711 1130 4779 Religion,
1140 4725 1192 4761 von
1202 4708 1283 4760 Ernst

136 4803 229 4854 Maass.
246 4803 378 4855 Mlinchen
400 4801 466 4868 1895
486 4818 513 4868 p.
532 4816 584 4868 209
603 4817 664 4868 sqq.
