3134 5476
676 383 717 465 38

158 565 237 628 Non
272 564 339 628 alia
374 572 488 627 mente
520 573 627 640 erant,
660 565 717 647 qui
749 563 942 647 sepulcrum
975 564 1099 628 mortui
1123 565 1265 630 domum

113 684 298 748 habebant.
330 684 484 748 Vocatur
507 684 629 748 domus
653 684 747 769 (Bch.
778 685 861 768 117),
886 685 984 749 sedes
1008 684 1108 768 (443),
1134 686 1266 750 mansio

115 805 215 888 (656),
239 803 432 868 cubiculum
456 805 557 888 (656),
578 807 682 869 aedes
702 806 777 888 (125
784 803 826 888 5),
838 805 1024 888 hospitium
1038 804 1138 889 (242),
1152 806 1267 870 casula

113 924 235 1008 (1583).
273 925 312 988 In
347 924 503 1008 sepulcro
535 926 659 989 mortui
690 924 848 989 habitant
878 925 986 1009 (588);
1011 945 1080 1008 qua
1103 927 1266 1009 opinione

113 1047 206 1109 ducti
231 1066 297 1110 una
321 1066 398 1109 cum
422 1067 565 1129 corpore
589 1067 680 1122 vasa,
704 1043 961 1128 supellectilem,
982 1045 1139 1109 utensilia
1158 1045 1266 1110 multa

112 1187 152 1231 ac
176 1166 268 1230 varia
288 1165 428 1230 humare
449 1166 606 1230 solebant
626 1167 836 1249 superstites,
856 1164 980 1248 quibus
1000 1165 1100 1229 rebus
1120 1165 1173 1229 vel
1187 1175 1266 1250 post

114 1296 260 1351 mortem
285 1295 460 1350 uterentur
483 1285 647 1371 mortui¹).

157 1406 361 1471 Animorum
397 1408 545 1489 denique
569 1406 679 1470 cultus
702 1406 962 1471 fundamentum
986 1407 1088 1471 fuisse
1112 1415 1266 1472 mortuos

112 1528 238 1593 fruiae
263 1527 425 1592 delectari
449 1527 586 1603 inferiis,
612 1548 699 1611 quae
724 1528 911 1612 sepeliendi
936 1529 1002 1593 ritu
1025 1529 1265 1606 afferebantur,

113 1649 294 1732 unicuique
318 1656 436 1712 notum
462 1657 513 1712 est
525 1646 563 1732 ²).

158 1767 254 1852 Quae
279 1769 456 1845 sufficiant,
478 1777 515 1832 ut
536 1769 789 1831 demonstretur
802 1768 950 1850 antiquis
963 1769 1176 1853 temporibus
1189 1791 1267 1833 cum

114 1888 262 1953 Graecos
298 1897 370 1952 tum
406 1889 580 1952 Romanos
616 1888 650 1950 in
685 1907 725 1951 ea
758 1887 860 1970 vulgo
892 1888 993 1951 luisse
1024 1889 1204 1965 sententia,
1229 1899 1268 1954 ut

115 2009 238 2073 mortui
262 2009 509 2092 qualecumque
534 2016 735 2091 superesset,
758 2027 901 2091 corpore
914 2029 983 2073 non
996 2030 1132 2092 prorsus
1145 2031 1268 2075 vacare

117 2138 277 2212 putarent
291 2127 325 2213 ³).

158 2248 249 2331 Quid
282 2247 425 2312 mirum?
450 2247 540 2311 Fieri
566 2268 634 2311 non
659 2234 784 2331 potest,
810 2248 891 2330 quin
916 2248 1031 2324 homo,
1056 2251 1184 2333 quippe
1209 2251 1267 2333 qui

114 2369 228 2432 animo
264 2377 298 2432 et
330 2389 471 2452 corpore
504 2376 649 2444 constet,
673 2369 795 2432 eadem
820 2369 950 2431 ratione
975 2368 1039 2432 sibi
1064 2368 1171 2452 fingat
1194 2391 1268 2434 esse

113 2497 241 2553 statum
265 2509 393 2564 eorum,
418 2509 504 2571 quos
528 2497 606 2571 post
627 2498 772 2553 mortem
787 2489 971 2552 consistere
985 2491 1113 2554 credat.
1127 2490 1268 2554 Etenim

115 2630 244 2673 merum
270 2609 415 2672 existere
438 2609 589 2672 animum
610 2629 776 2692 corporeo
796 2609 926 2685 habitu,
948 2610 1029 2692 quin
1050 2611 1155 2674 etiam
1174 2613 1268 2674 omni

114 2729 222 2794 forma
258 2728 432 2812 figuraque
463 2737 644 2793 vacantem
676 2729 731 2793 alii
761 2750 830 2793 non
862 2730 970 2805 facile,
995 2730 1051 2793 alii
1075 2731 1166 2813 iique
1191 2753 1269 2814 pars

116 2852 224 2914 maior
248 2850 425 2914 hominum
449 2870 623 2932 nunquam
643 2851 758 2914 animo
778 2849 1017 2933 complectitur
1030 2847 1065 2934 ⁴).
1079 2850 1177 2935 Quae
1190 2873 1268 2916 cum

117 3063 196 3114 Ovid.
226 3065 333 3114 Metam.
361 3078 387 3126 4.
396 3077 459 3130 443,
488 3064 579 3114 Senec.
608 3062 642 3113 ad
661 3065 742 3113 Marc.
762 3064 794 3113 de
814 3064 914 3114 consol.
933 3073 1012 3130 25.2,
1032 3064 1148 3130 Apolog.
1168 3064 1268 3116 Socrat.

117 3163 148 3213 41
161 3151 190 3216 Β,
209 3151 336 3200 Pindarus
355 3151 426 3216 apud
444 3149 575 3200 Plutarch.
595 3151 674 3200 Cons.
694 3150 736 3199 ad.
757 3150 847 3215 Apoll.
867 3159 910 3217 35,
930 3151 1030 3201 Lucian
1040 3151 1213 3217 Necyomant.
1226 3152 1266 3203 18.

117 3237 204 3287 Etiam
230 3238 374 3287 contraria:
403 3237 437 3287 cs.
464 3238 573 3287 Lucian.
594 3237 766 3301 Necyomant.
789 3249 834 3301 17:
855 3235 915 3293 τοὺς
932 3235 991 3296 παρ’
1008 3233 1065 3297 ἡμῖν
1083 3234 1209 3298 βασιλέως
1227 3236 1270 3286 καὶ

115 3319 250 3383 σατράπας
267 3319 450 3385 πτωχεύοντας
466 3321 525 3383 παρ’
541 3318 637 3378 αὐτοῖς.

150 3404 176 3473 1)
194 3404 227 3456 cs.
256 3405 409 3471 Marquardt
436 3405 480 3454 l.l.
508 3422 535 3471 p.
555 3405 621 3470 365:
642 3407 713 3470 „Das
732 3406 803 3457 Grab
822 3406 857 3456 ist
876 3406 1023 3471 iiberhaupt
1043 3406 1111 3456 nach
1130 3408 1175 3456 der
1194 3409 1270 3458 ilber-

119 3492 355 3557 „einstimmenden
384 3491 496 3542 Ansicht
523 3492 570 3541 des
589 3492 733 3542 Altertums
761 3492 820 3542 eine
849 3492 1002 3560 Wo‘nnung,
1038 3493 1066 3542 in
1094 3493 1194 3543 welche
1222 3493 1268 3544 der

120 3580 313 3644 „Verstorbene
331 3579 455 3646 einzieht,
473 3595 516 3629 um
535 3579 593 3630 dort
612 3580 672 3629 eine
691 3579 787 3630 andere
806 3578 861 3629 und
879 3581 993 3646 bessere,
1010 3581 1073 3630 aber
1088 3581 1268 3631 doehseinem

121 3666 258 3730 „frtiheren
286 3667 377 3716 Leben
405 3666 614 3731 entsprechende
639 3667 762 3716 Existenz
790 3683 821 3717 zu
839 3667 988 3734 beginnen3
1007 3683 1035 3717 es
1054 3667 1099 3717 hat
1117 3667 1199 3718 daher
1216 3669 1269 3718 den

122 3752 282 3817 „Charakter
301 3753 374 3802 eines
393 3752 524 3820 Hauses’'‚
543 3759 592 3803 etc.
611 3753 672 3802 Vid.
692 3753 808 3803 eiusdem
827 3769 888 3818 pag.
906 3753 995 3803 adnot.
1014 3754 1039 3803 6.

151 3837 179 3906 2)
197 3838 230 3888 cs.
249 3841 309 3889 Mos
328 3840 466 3889 Maiorum.
484 3839 559 3890 Rede
578 3839 769 3905 uitgesproken
786 3840 822 3904 bij
842 3840 875 3889 de
893 3840 1049 3890 overdracht
1067 3857 1118 3891 van
1137 3841 1183 3892 het
1201 3842 1269 3893 Rec-

119 3932 202 3976 toraat
220 3926 267 3976 der
285 3927 527 3991 Rijksuniversiteit
547 3933 572 3976 te
592 3926 756 3993 Groningen,
775 3926 828 3977 den
848 3940 916 3977 21en
936 3926 1090 3993 September
1111 3941 1189 3996 1903,
1203 3929 1271 3980 door

119 4013 166 4062 Dr.
184 4012 207 4075 J.
228 4011 253 4062 S.
273 4011 372 4077 Speyer
391 4029 417 4077 p.
438 4025 473 4075 24
491 4029 551 4078 sqq.

150 4096 179 4164 3)
197 4098 230 4147 ci.
259 4099 315 4148 Cic.
342 4100 419 4149 Tusc.
447 4099 515 4164 disp.
543 4111 565 4148 1.
578 4099 619 4149 16.
629 4108 678 4164 37:
708 4105 826 4163 „tantum
843 4099 920 4168 (que)
939 4100 1020 4150 valuit
1039 4117 1119 4163 error,
1137 4103 1184 4168 qui
1202 4103 1268 4154 mihi

121 4186 189 4251 „iam
207 4184 325 4235 sublatus
344 4187 454 4252 videtur,
464 4194 502 4253 ut,
521 4202 631 4252 corpora
650 4194 763 4237 cremata
782 4202 841 4236 cum
859 4188 965 4254 seirent,
974 4194 1061 4238 tamen
1081 4205 1112 4239 ea
1127 4190 1183 4239 fieri
1196 4191 1269 4257 apud

122 4271 237 4337 „inferos
255 4273 392 4340 fingerent,
410 4288 478 4339 quae
498 4274 554 4324 sine
573 4275 726 4340 corporibus
745 4290 794 4324 nec
813 4275 868 4324 fieri
885 4283 993 4341 possent
1012 4291 1062 4326 nec
1079 4275 1226 4341 intellegi”.

151 4357 181 4426 4)
198 4359 231 4409 cf.
252 4359 307 4410 Cic.
326 4360 403 4410 Tusc.
422 4360 490 4426 disp.
512 4374 535 4411 1.
548 4362 588 4412 16.
599 4371 646 4425 37:
669 4361 786 4426 „animos
805 4362 876 4411 enim
895 4378 942 4427 per
957 4379 985 4413 se
1001 4363 1074 4428 ipsos
1089 4365 1268 4416 viventisnon

122 4453 260 4512 „poterant
284 4454 372 4496 mente
397 4448 546 4515 complecti,
573 4451 682 4500 formam
699 4449 814 4514 aliquam
833 4449 995 4515 figuramque
1015 4452 1183 4516 quaerebant.
1202 4452 1270 4504 Inde

122 4535 249 4599 „Homeri
268 4541 322 4585 tota
341 4530 451 4584 uruntur.
470 4534 504 4584 Et
522 4535 600 4585 haec:
622 4536 694 4600 „Has
712 4543 799 4587 tamen
817 4537 945 4602 imagines
955 4537 1003 4605 (sc.
1013 4538 1184 4607 mortuorum)
1193 4539 1269 4606 loqui

123 4621 240 4687 „volunt,
268 4621 340 4686 quod
367 4620 422 4670 fieri
450 4637 499 4671 nec
527 4622 584 4672 sine
611 4623 701 4688 lingua
730 4639 779 4673 nec
807 4624 864 4674 sine
890 4624 977 4689 palato
1003 4641 1051 4675 nec
1070 4625 1127 4675 sine
1146 4626 1269 4694 saucium,

124 4707 258 4774 „laterum
277 4709 432 4774 pulmonum
450 4709 476 4758 vi
496 4717 522 4759 et
540 4709 622 4775 figura
640 4717 736 4776 potest.
756 4710 830 4761 Nihil
849 4712 919 4762 enim
935 4711 1022 4763 animo
1039 4713 1127 4763 videre
1137 4720 1270 4782 poterant,

125 4793 176 4858 „ad
193 4795 283 4845 oculos
302 4794 391 4845 omnia
410 4794 670 4848 referebant”.1bid.
690 4810 732 4847 22.
744 4806 786 4863 50.
