3134 5476
762 442 806 512 79

251 613 291 674 In
314 610 493 693 adscriptis
516 609 680 673 formulae
706 611 851 674 usitatae
875 609 940 673 hae
964 618 1064 674 sunt:

205 732 286 796 Bch.
303 749 343 795 22
348 746 363 813 5
376 757 384 794 :
431 729 473 813 Q.
498 731 663 793 Fonteius
677 729 878 795 Saturninus
890 751 926 794 se
940 732 1020 795 vivo
1034 731 1114 795 fecit
1127 741 1162 795 et
1175 733 1358 796 dedicavit.

207 853 289 917 Bch.
302 867 386 936 437:
434 853 466 916 d.
481 853 529 915 M.
552 852 580 915 is
599 852 692 915 cuius
714 873 774 935 per
794 853 908 935 capita
921 873 1096 916 versorum
1109 873 1235 917 nornen
1249 853 1362 917 decla·
1380 932 1383 938 .

439 981 541 1048 ratur,
566 971 646 1036 fecit
669 993 705 1035 se
730 972 828 1035 vibus
849 972 938 1054 (sicll
963 973 1028 1036 sibi
1053 980 1088 1035 et
1111 973 1179 1036 suis
1203 974 1363 1038 omnibus

434 1093 566 1157 libertis
589 1092 844 1175 libertabusque
871 1094 1087 1176 posterisque
1112 1114 1240 1157 eorum.

205 1214 286 1278 Bch.
305 1231 405 1297 1190:
438 1214 559 1297 vlivus)
584 1213 600 1275 s
604 1212 696 1296 (ecit)
717 1212 759 1296 Q.
780 1213 903 1277 Vibius
922 1214 961 1276 L.
976 1213 998 1276 f.
1013 1212 1175 1297 Sca(ptia)
1191 1215 1362 1277 Maximus

437 1332 602 1398 Smintius
625 1334 773 1396 aerarius
796 1334 911 1395 sexvir
929 1333 993 1396 sibi
1014 1341 1049 1396 et
1062 1333 1267 1396 Maeminiae
1281 1332 1323 1414 Q.
1337 1333 1359 1395 f.

439 1454 611 1516 Maximae
635 1454 732 1516 uxori
758 1452 996 1536 dulcissim(ae)
1021 1461 1056 1515 et
1081 1451 1122 1534 Q.
1149 1453 1254 1516 Vibio
1274 1451 1316 1535 Q.
1337 1452 1359 1515 f.

439 1575 533 1638 Vero
557 1574 659 1657 {(1110)
685 1583 720 1637 et
743 1573 783 1637 L.
809 1573 902 1637 fratri
927 1593 999 1636 suo.

205 1695 247 1759 cf.
266 1694 347 1759 Bch.
359 1713 436 1777 499,
453 1694 526 1775 556,
541 1694 615 1777 807,
629 1696 705 1776 890,
725 1710 819 1776 1009,
838 1711 932 1789 1043,
950 1693 1045 1770 1060,
1063 1710 1157 1776 1091,
1176 1707 1269 1776 1095,
1283 1692 1358 1756 alia.

249 1815 289 1877 In
314 1815 395 1898 ipsis
420 1813 528 1877 titulis
551 1814 633 1877 talia
657 1812 835 1896 leguntur:

204 1934 289 1997 Bch.
312 1952 375 2016 90:
434 1933 570 1997 Labore
595 1941 630 1996 et
653 1954 734 1997 cura
758 1934 854 1996 vivos
879 1933 1006 2016 perfeci
1032 1932 1120 1996 hanc
1146 1933 1297 1996 domum.

207 2054 288 2118 Bch.
302 2055 386 2135 460:
434 2055 533 2118 Hanc
557 2055 675 2118 sedem
698 2053 802 2136 longo
827 2054 955 2137 placuit
978 2074 1110 2119 sacrare
1134 2053 1252 2131 labori,

435 2173 522 2238 hanc
546 2175 709 2257 requiem,
730 2174 835 2237 fessos
855 2175 996 2237 tandem
1010 2195 1077 2257 qua
1090 2175 1255 2239 conderet
1267 2184 1360 2238 artus

433 2293 555 2377 Ulpius
579 2295 729 2358 emeritis
752 2293 910 2376 longaevi
935 2295 1084 2357 muneris
1108 2296 1215 2358 annia.

430 2416 502 2498 ipse
525 2435 586 2479 suo
610 2435 726 2479 curam
750 2414 850 2478 titulo
876 2415 980 2490 dedit,
1007 2416 1078 2498 ipse
1102 2416 1247 2498 sepulcri

428 2537 555 2600 arbiter
578 2535 764 2619 hospitium
790 2536 952 2599 membris
976 2536 1116 2618 fatoque
1140 2537 1283 2620 paravit.

207 2657 290 2721 Bch.
305 2659 367 2722 88:

251 2776 410 2843 Studium
434 2777 537 2841 habui
561 2785 599 2841 ut
623 2776 770 2841 facerem
795 2778 873 2840 viva
897 2776 979 2840 mihi
1005 2786 1179 2841 aeternam
1205 2778 1356 2841 domum.

206 2897 289 2962 Bch.
302 2914 386 2982 437:

273 3019 383 3082 Maior
405 3019 517 3083 adhuc
541 3018 596 3081 hic
619 3018 729 3081 laudis
753 3017 873 3093 honor,
899 3018 1013 3100 potior
1037 3039 1177 3101 quoque
1201 3019 1345 3095 cunctis,

271 3139 348 3222 Ipse
373 3139 457 3202 meis
480 3138 573 3222 quod
598 3138 758 3201 constitui
782 3139 951 3201 tutamina
975 3139 1138 3202 membris

273 3258 379 3335 Talia,
405 3279 471 3342 que
496 3258 555 3341 (sic
565 3259 584 3342 1)
609 3257 673 3322 ieci
698 3279 766 3321 non
791 3266 862 3322 tam
887 3258 968 3322 mihi
994 3261 1156 3342 providus
1180 3261 1247 3336 uni,

274 3378 449 3443 Heredum
473 3399 610 3461 quoque
635 3398 715 3442 cura
738 3377 811 3442 suit.

207 3498 289 3563 Bch.
314 3499 399 3579 484:

273 3619 365 3682 Dum
389 3639 463 3681 sum
488 3617 612 3682 Vitalis
635 3627 670 3681 et
694 3620 783 3695 vivo,
809 3639 874 3702 ego
898 3618 963 3681 feci
988 3617 1204 3701 sepulcrhum
1229 3619 1318 3702 (sici)

270 3738 383 3822 adque
408 3758 503 3802 meos
526 3758 652 3814 versus,
677 3739 759 3801 dum
782 3745 935 3801 transseo
958 3737 1057 3821 (sici),
1073 3736 1213 3820 perlego
1226 3745 1262 3800 et
1274 3739 1357 3820 ipse.

208 3858 288 3922 Bch.
317 3875 417 3942 1270:
465 3857 698 3934 Constantine,
722 3865 782 3921 tuo
806 3857 864 3920 fini
890 3858 972 3920 dum
996 3858 1160 3940 providus
1183 3877 1284 3932 esses,

506 3978 597 4042 hunc
620 3976 786 4041 tumulum
811 3976 882 4040 fieri
907 3976 1074 4060 praecipis
1098 3977 1170 4060 ipse
1195 3976 1269 4040 tibi.

204 4127 394 4142 Μαι-

213 4226 413 4292 „Angehdrigen
441 4227 484 4276 ein
513 4226 615 4276 solches
643 4226 785 4275 Fortlcbcn
813 4240 843 4274 zu
870 4222 983 4290 sichern,
1009 4223 1107 4273 meinte
1127 4239 1187 4274 man
1206 4240 1247 4273 am
1266 4225 1359 4275 besten

214 4313 308 4378 „durch
327 4314 427 4364 Bauten
446 4331 476 4364 zu
495 4312 654 4364 erreichen’'.

212 4401 242 4450 ci.
260 4401 323 4451 Bch.
346 4402 427 4464 1269:
464 4402 545 4450 Vivos
562 4401 599 4450 mi
617 4400 677 4466 feci,
696 4415 730 4450 ne
749 4405 809 4464 post
829 4415 871 4448 me
890 4399 987 4449 leutius
1008 4398 1084 4448 heres

494 4489 618 4537 conderet
636 4487 741 4550 exsiguo
758 4488 835 4536 busta
853 4501 975 4550 suprema
994 4501 1066 4550 rogo.

255 4575 318 4626 Bch.
341 4584 423 4640 1552:
459 4575 511 4625 iam
529 4583 616 4624 tamen
634 4575 744 4623 inventa
762 4583 801 4623 est
820 4573 934 4622 blandae
952 4571 1062 4621 rationis
1081 4571 1168 4635 imago

459 4678 507 4727 per
525 4677 603 4726 quam
622 4660 738 4725 prolatos
756 4659 877 4709 homines
896 4659 923 4708 in
944 4665 1062 4724 tempora
1081 4657 1160 4723 plura

459 4748 564 4814 longior
582 4747 696 4812 excipiat
714 4747 867 4796 memoratio
888 4745 1022 4811 multaque
1042 4751 1127 4795 servet

460 4851 548 4885 secum
567 4850 613 4900 per
632 4833 723 4883 titulos
742 4833 869 4883 mansuris
889 4833 981 4882 fortius
1000 4833 1085 4882 annis.
1105 4848 1164 4897 sqq.
1184 4831 1332 4899 (119611)
