3134 5476
672 361 716 441 48

119 546 298 628 Bch.215:
323 544 388 608 Per
410 542 495 606 haec
519 540 674 625 sepulcra
698 560 826 624 perque
851 557 936 621 quos
960 536 1043 600 colis
1068 533 1189 598 Manes

386 664 438 727 his
461 683 562 747 parce
586 662 724 726 tumulis
745 661 876 744 ingredi
900 659 1025 742 pedem
1048 675 1162 738 saepe.

118 786 246 869 Bch.47
250 800 278 868 5:
289 785 381 868 quod
392 791 484 868 peto,
490 784 518 846 si
527 783 638 847 colitis
647 783 777 857 Manes,
787 780 900 845 cuncti
911 798 990 843 meo
998 776 1128 840 nomini
1136 793 1270 858 semper

386 905 450 969 hac
474 903 534 987 (sic
544 904 564 987 1)
590 902 671 966 mihi
696 910 786 966 terra
810 901 885 965 leve
909 899 969 983 (sic
979 900 998 982 1)
1024 896 1162 981 optetis.

119 1027 216 1091 Idem
238 1027 308 1090 fere
326 1026 404 1110 476.
419 1024 461 1089 cf.
474 1025 606 1088 Dessau
620 1025 724 1104 8014:
750 1023 901 1087 manium
922 1019 1143 1085 colendarum
1159 1036 1270 1082 causa.

118 1148 200 1212 Bch.
228 1149 308 1230 588:
367 1148 434 1211 iam
459 1145 568 1210 securi
591 1165 653 1209 suo
676 1145 825 1228 gaudete
851 1161 990 1209 munere
1015 1141 1136 1205 Manes

365 1266 501 1350 Elysios
530 1286 592 1349 per
615 1285 755 1349 campos
779 1275 814 1329 et
838 1262 950 1328 dulcia
974 1269 1072 1346 prata
1096 1267 1271 1342 vagantes.

120 1389 162 1454 cs.
194 1389 276 1453 Bch.
313 1389 388 1466 106,
423 1388 496 1472 376,
525 1401 597 1472 517,
625 1401 698 1472 579,
725 1400 1024 1471 592=593==594,
1053 1399 1147 1466 1009,
1177 1381 1272 1457 1216,

125 1524 219 1592 1255,
249 1528 342 1594 Ι339»
373 1523 466 1593 1592.

165 1630 282 1695 Manes
302 1651 403 1714 porro
416 1637 468 1693 est
480 1649 547 1694 una
560 1650 578 1692 e
591 1628 742 1704 vocibus,
755 1627 879 1710 quibus
890 1625 1123 1709 significantur
1136 1622 1272 1698 mortui,

120 1758 154 1814 et
178 1751 318 1834 quidem
342 1751 391 1814 ita
413 1758 451 1815 ut
475 1750 509 1814 in
533 1770 573 1813 ea
597 1749 794 1814 adhibenda
816 1755 875 1812 aut
899 1746 1191 1831 praetermittatur
1213 1750 1273 1807 aut

121 1891 188 1935 non
213 1879 372 1954 urgeatur
396 1872 446 1934 vis
470 1891 587 1935 eorum
611 1879 646 1934 et
670 1877 834 1953 potestas,

165 1991 335 2075 Exempla
358 1992 451 2075 apud
476 1989 722 2056 Buechelerum
746 1999 825 2053 sunt
849 1989 951 2053 haec:

120 2110 202 2176 Bch.
228 2126 310 2197 395:
391 2110 521 2178 Secreti
545 2111 666 2175 Manes
690 2110 747 2193 qui
772 2130 876 2193 regna
900 2107 1091 2173 Acherusia
1114 2105 1206 2170 Ditis

392 2231 551 2297 incolitis.

123 2353 204 2417 Βοὴ.
227 2354 312 2434 428:
392 2351 428 2417 Si
452 2354 589 2437 sapiunt
612 2352 740 2436 aliquid
765 2360 844 2435 post
867 2350 985 2414 funera
1009 2348 1139 2412 Manes.

125 2472 206 2537 Bch.
235 2487 336 2555 1504:
395 2473 452 2557 (da
474 2473 567 2549 mihi,
593 2473 723 2556 Priape,
747 2472 797 2555 ut)

390 2613 453 2657 nec
476 2613 615 2676 gravem
639 2592 780 2656 timeam
804 2589 904 2653 nimis
925 2594 1109 2664 senectam,

389 2733 496 2796 angar
518 2712 609 2777 haud
634 2714 778 2776 miserae
802 2730 929 2794 pavore
953 2710 1073 2773 mortis

388 2854 476 2916 quae
500 2834 544 2898 ad
570 2834 691 2897 domus
714 2832 828 2897 trahet
852 2832 984 2895 invidas
1008 2829 1149 2904 Averni,

389 2954 520 3019 fabulas
543 2973 661 3018 manes
685 2953 742 3017 ubi
768 2974 829 3017 rex
852 2959 998 3027 coercet,

388 3075 480 3139 unde
504 3074 573 3138 sata
597 3082 724 3157 negant
747 3074 857 3137 redire
882 3090 1101 3156 quemquam.

167 3195 348 3259 Praeterea
378 3195 460 3259 Bch.
493 3195 569 3271 611,
602 3211 677 3279 702,
702 3208 779 3279 970,
809 3208 902 3275 1251,
932 3193 1026 3276 1269,
1056 3204 1150 3275 1273,
1180 3189 1275 3268 1468,

130 3332 222 3400 ¹4972
253 3329 347 3398 1555·

170 3435 276 3519 Apud
311 3444 432 3519 poetas
466 3435 617 3519 aliosque
649 3436 832 3518 scriptores
863 3434 1022 3518 quotiens
1054 3433 1102 3497 ita
1133 3431 1276 3514 legatur,

125 3555 265 3638 longum
290 3565 342 3620 est
366 3577 574 3621 enumerare.

125 3677 246 3741 Laudo
270 3677 420 3761 exempli
444 3679 553 3761 gratia
576 3677 659 3741 illud
685 3677 852 3761 Propertii
877 3677 1029 3762 (5.7.1);

235 3795 323 3861 Sunt
347 3797 475 3881 aliquid
500 3799 638 3875 Manes;
662 3797 770 3862 letum
794 3818 863 3861 non
888 3797 1004 3860 omnia
1026 3797 1111 3860 finit.

172 3918 301 3995 Manes,
327 3939 414 4001 quae
437 3919 536 3982 unius
557 3918 705 3982 hominis
718 3927 796 4002 post
809 3926 956 3982 mortem
969 3923 1158 3993 remanent,
1172 3916 1278 3980 etiam

124 4038 288 4102 indicant.
313 4037 446 4103 Omitto
471 4040 563 4122 quod
583 4041 768 4104 sescenties
780 4038 920 4122 legitur:
938 4040 1000 4102 Dis
1012 4038 1169 4102 Manibus
1181 4057 1278 4100 sanc·

124 4167 208 4235 tum,
241 4160 303 4223 Dis
337 4159 495 4224 Manibus
519 4159 607 4224 illius
623 4157 644 4243 ¹)
670 4167 705 4223 et
732 4167 974 4243 comparentur
997 4166 1132 4224 tantum
1157 4156 1278 4221 velim:

163 4342 189 4410 1)
207 4343 289 4409 Apud
307 4343 421 4393 Graecos
438 4340 505 4398 θεοῖς
522 4339 704 4403 καταχθονίοις
721 4342 764 4392 vel
782 4343 843 4393 trita
852 4358 882 4392 ea
892 4342 963 4406 apud
973 4341 1115 4392 Kaibelum
1124 4341 1279 4405 saepissime

129 4433 159 4475 Θ.
169 4444 191 4476 κ.
209 4427 255 4496 (cf.
271 4431 306 4480 D.
322 4429 380 4497 M.).
398 4430 533 4480 Interdum
550 4424 671 4488 δαιμόνων
687 4426 793 4490 ἀγαθῶν
806 4449 830 4470 =
844 4429 885 4479 dis
896 4430 1035 4498 Manibus.
1052 4426 1166 4489 Ἀγᾱθός
1183 4423 1279 4488 δαίμων

128 4515 175 4581 qui
195 4517 239 4583 sit,
257 4516 371 4582 explicat
389 4517 483 4567 Rohde
502 4517 545 4570 l.l.
564 4516 595 4567 1³
613 4534 639 4582 p.
660 4527 711 4582 254
730 4518 819 4568 adnot.
839 4530 864 4566 2.
881 4519 922 4566 De
938 4517 1063 4566 Varronis
1079 4516 1216 4582 opinione,
1232 4515 1279 4582 qui

128 4604 209 4653 Lares
228 4611 356 4669 exaequat
375 4605 499 4655 Manibus
523 4604 556 4657 cf.
576 4605 705 4655 Wissowa
722 4605 766 4655 11.
785 4621 811 4670 p.
834 4614 893 4670 153.
912 4606 954 4654 De
974 4605 1131 4654 Graecorum
1148 4600 1236 4663 tonan
1250 4624 1275 4645 =

128 4691 169 4741 dis
195 4693 317 4742 Manibus
336 4692 363 4741 in
382 4693 434 4742 alio
454 4693 541 4758 capite
560 4708 645 4743 sermo
664 4694 721 4744 erit.
740 4694 846 4761 Rarum,
865 4692 938 4759 quod
955 4692 1052 4757 legitur
1070 4693 1172 4742 Dessau
1192 4690 1278 4754 8017:

128 4777 168 4828 dis
187 4779 286 4829 deabus
306 4779 438 4830 Manibus.
