3134 5476
707 126 749 196 95

146 299 277 362 Dessau
302 297 389 380 8169
413 304 447 360 et
472 296 498 359 Ι.
512 295 553 360 G.
567 297 609 360 R.
635 296 715 361 fasc.
742 298 756 360 Ι
783 313 859 376 241.

188 418 322 483 Eadem
345 416 517 481 sententia
542 417 733 481 identidem
758 416 793 481 in
818 415 1119 481 Consolationibus
1145 417 1301 493 occurrit,

145 538 238 602 unde
261 537 428 621 originem
452 537 576 600 ducere
601 535 814 600 verisimilius
834 544 896 599 est.
917 536 967 601 Cf.
989 535 1110 601 Senec.
1131 537 1174 601 ad
1198 536 1303 600 Marc.

146 658 190 721 de
224 657 352 722 consol.
393 673 496 736 12.4:
529 655 716 722 Senserunt
747 657 812 720 ista
844 657 959 740 magni
983 657 1098 732 duces,
1124 665 1303 720 senserunt

144 777 325 860 principes.
351 776 405 860 (cf.
432 776 568 840 Lucret.
594 793 736 858 3.1024,
762 776 861 859 sqq.).

145 896 253 961 Addo
266 896 347 960 Bch.
365 912 467 960 1211:
492 897 552 960 sed
575 897 737 979 quoniam
760 896 855 961 multi
877 896 981 961 talem
1000 917 1136 961 sensere
1149 895 1302 960 dolorem

542 1037 605 1080 nec
630 1017 810 1100 quisquam
835 1016 894 1080 leti
918 1017 1054 1079 vincere
1079 1016 1147 1079 vim
1172 1015 1295 1098 potuit,

496 1137 641 1201 desinite
655 1137 846 1200 extinctum
855 1135 972 1200 dulces
981 1156 1036 1199 me
1045 1135 1125 1198 flere
1135 1143 1303 1218 parentes.

539 1257 684 1320 desinite
708 1265 743 1320 et
767 1255 827 1319 fati
850 1256 960 1321 tristia
987 1257 1058 1320 iura
1081 1257 1187 1338 queri.

249 1377 329 1441 Bch.
360 1394 460 1461 1249:
487 1398 556 1442 non
580 1397 645 1460 ego
669 1377 760 1441 solus
784 1378 841 1441 obi
858 1375 892 1460 ¹).

622 1610 838 1621 ...—-—

192 1769 286 1833 Mors
306 1772 465 1836 omnibus
486 1773 598 1836 instat.
621 1771 761 1835 Gaudiis
782 1770 885 1852 igitur
898 1770 1058 1852 vitaeque
1073 1769 1306 1853 voluptatibus

143 1911 252 1973 quarn
277 1892 425 1956 maxime
449 1891 629 1956 fruendum
654 1899 717 1954 est.

146 2011 232 2074 Bch.
258 2025 341 2093 245:

196 2131 285 2196 Vive
309 2132 418 2196 laetus
441 2133 568 2216 quique
589 2132 684 2207 vivis,
707 2131 777 2195 vita
801 2151 944 2214 parvom
968 2151 1089 2194 munus
1113 2140 1174 2207 est,

194 2272 276 2315 mox
299 2261 419 2318 exorta
442 2262 504 2330 est,
528 2252 653 2317 sensim
678 2253 830 2334 vigescit,
858 2251 983 2314 deinde
1007 2253 1132 2315 sensim
1154 2251 1280 2315 deficit.

143 2372 229 2435 Bch.
254 2388 314 2456 77:
383 2373 459 2437 vale
484 2381 519 2436 et
543 2373 631 2436 bene
656 2371 759 2435 facito
784 2372 886 2447 vitae,
912 2372 993 2435 dum
1018 2370 1128 2434 fatum
1153 2373 1258 2435 venit.

147 2491 233 2554 Bch.
258 2493 356 2573 1582:
387 2501 422 2556 et
445 2501 482 2557 tu
506 2493 590 2576 legis
614 2512 694 2556 ecce
720 2512 834 2555 meum
859 2489 1006 2566 titulum,
1032 2511 1167 2568 moneo,
1194 2491 1303 2556 lruere

896 2620 978 2674 tunc
1003 2611 1073 2675 vita
1097 2613 1179 2675 data
1201 2621 1254 2677 est
1266 2611 1302 2696 ²).

180 2871 207 2940 1)
231 2873 342 2922 Restant
367 2870 449 2921 multa
467 2870 592 2936 carmina,
610 2870 707 2935 quibus
727 2876 837 2920 mortem
857 2869 949 2919 evitari
969 2885 1023 2919 non
1043 2885 1120 2934 posse
1140 2870 1236 2920 dicitur
1254 2886 1302 2920 nec

149 2966 238 3010 tamen
266 2959 322 3008 eius
349 2957 421 3007 modi
448 2963 519 3023 sunt,
546 2962 575 3006 ut
600 2967 717 3006 mortuus
736 2957 799 3007 talia
818 2957 970 3023 praecipere
990 2956 1110 3021 fingatur.
1130 2957 1204 3020 Quae
1223 2958 1301 3022 igitur

150 3063 210 3097 cum
235 3046 355 3096 omittere
377 3045 463 3110 liceat,
481 3044 609 3094 nonnulla
628 3044 741 3109 afferam,
761 3060 828 3109 quae
849 3044 957 3093 diversis
977 3044 1073 3109 quibus
1092 3051 1200 3094 utuntur
1217 3045 1303 3095 verbis

150 3133 298 3199 ostendant,
316 3148 394 3198 quam
412 3132 526 3181 libenter
543 3130 608 3180 talia
628 3131 775 3195 proferrent
794 3131 907 3195 antiqui.

151 3220 214 3269 Bch.
238 3231 305 3284 1279
323 3218 369 3286 (cf.
389 3228 450 3284 527,
468 3226 530 3284 995,
552 3216 645 3284 1142):
666 3218 718 3268 fata
737 3217 833 3283 quibus
852 3233 968 3283 nequeas
986 3218 1142 3282 opposuisse
1162 3233 1264 3267 manus.

152 3306 215 3355 Bch.
237 3317 318 3369 1339:
355 3306 392 3354 sic
411 3320 496 3354 rerum
513 3310 606 3354 natura
624 3304 706 3370 iubet,
725 3304 763 3353 sic
784 3304 907 3369 temporis
927 3303 1006 3353 ordo:

359 3406 427 3456 quae
445 3390 524 3440 modo
543 3398 603 3440 sunt
622 3397 744 3456 pereunt,
763 3405 884 3456 quaeque
903 3389 990 3438 futura
1007 3389 1111 3439 cadent.

151 3479 214 3528 Bch.
237 3488 319 3542 1354:
356 3478 470 3544 praefixo
489 3478 602 3528 moriens
621 3484 727 3528 naturae
745 3493 852 3527 munere
871 3476 985 3526 functus.

152 3567 214 3615 Bch.
237 3565 318 3629 1376:
355 3565 469 3615 humano
487 3565 578 3629 generi
596 3565 683 3631 legem
702 3572 795 3614 natura
812 3564 920 3614 creatrix

361 3652 430 3701 hanc
446 3651 525 3717 dedit,
544 3659 572 3701 ut
587 3652 680 3701 tumuli
689 3653 805 3701 membra
815 3650 918 3715 sepulta
927 3655 1026 3714 tegant.
1037 3648 1070 3700 cf.
1080 3661 1142 3714 432,
1155 3661 1214 3715 104,
1227 3662 1303 3699 1021.

154 3740 216 3789 Bch.
239 3748 320 3804 1553:
357 3739 374 3805 ἰ,
394 3739 483 3803 potius
501 3754 623 3805 propera,
642 3755 702 3788 nam
722 3739 767 3803 qui
786 3739 862 3804 legis,
881 3738 939 3803 ipse
957 3736 1061 3802 legeris.

154 3826 216 3876 Bch.
240 3839 321 3887 1214:
357 3832 385 3875 tu
405 3840 512 3890 quoque
530 3824 631 3875 flendus
654 3825 713 3875 eris.

155 3911 217 3962 Bch.
237 3912 288 3975 627
306 3911 352 3978 (cf.
370 3911 414 3978 96,
432 3912 495 3977 436,
515 3910 592 3977 501):
666 3913 719 3962 vita
737 3911 826 3961 brebis
845 3909 924 3978 (sict)
943 3916 996 3976 est;

363 3999 464 4048 cunctis
482 3998 525 4048 fila
544 4005 637 4064 parant
653 3997 701 4064 [et]
721 3998 799 4048 Parce
818 4013 866 4047 nec
886 4004 1008 4062 parcetur
1016 3994 1050 4062 (i)
1068 3996 1138 4046 ullis.

158 4085 220 4136 Bch.
240 4096 305 4148 391:
359 4085 407 4134 sed
424 4084 586 4150 praescripta
604 4084 660 4133 dies
679 4100 757 4133 unam
776 4100 831 4133 non
851 4082 953 4132 distulit
972 4082 1071 4132 horam.

156 4172 218 4222 Bch.
240 4185 319 4221 1202:
357 4187 406 4220 nec
426 4172 474 4220 tibi
493 4187 542 4220 nec
562 4172 640 4220 nobis
658 4177 793 4220 aeternum
813 4170 900 4220 vivere
920 4168 1006 4218 cessit.

156 4265 287 4324 praeterea
311 4258 374 4308 Bch.
399 4271 444 4324 90,
465 4257 524 4324 186,
541 4257 604 4323 484,
625 4267 685 4324 512,
706 4267 765 4322 513,
788 4255 848 4322 586,
867 4256 929 4322 651,
948 4255 1010 4321 983,
1031 4265 1109 4321 1225,
1130 4265 1207 4322 1295,
1229 4268 1305 4324 1319,

400 4345 467 4408 1326
486 4352 513 4394 et
531 4345 673 4394 christian.
696 4356 772 4410 1443,
797 4344 873 4408 1562.
1051 4328 1054 4333 ’

185 4433 213 4500 2)
231 4433 264 4482 cf.
283 4432 346 4483 Bch.
367 4444 450 4495 1231:
466 4432 512 4497 qui
530 4431 628 4498 legitis,
644 4445 753 4480 moneo:
770 4431 862 4497 vivite,
871 4445 940 4479 mors
950 4436 1082 4495 properat.
1093 4429 1173 4481 Cuius
1182 4431 1305 4481 carminis

157 4527 244 4569 auctor
262 4535 316 4569 non
337 4519 399 4584 fingi
419 4518 523 4568 videtur
541 4526 665 4568 mortuus.
