3134 5476
763 325 905 452 59Ι

203 542 325 620 tiones,
349 543 483 627 quales:
507 547 601 630 apud
623 546 692 632 (ad)
712 550 852 634 inferos,
866 549 1015 634 inferna,
1037 568 1125 631 quae
1138 546 1201 611 sub
1213 555 1303 610 terra
1316 565 1356 608 ea

203 664 268 727 sita
292 684 365 728 esse
390 668 526 750 proprie
551 668 714 733 indicant.

205 782 286 846 Bch.
311 785 371 848 86:
462 786 591 851 nullum
615 789 769 853 dolorem
793 788 837 853 ad
862 789 987 853 inferos
1012 809 1145 853 mecum
1169 786 1242 852 tuli.

204 904 286 967 Bch.
316 922 375 989 192
400 905 549 990 (carmen
573 907 772 973 lacunosum
797 918 834 975 ut
858 908 1024 993 videtur):

459 1036 497 1091 ut
520 1029 744 1112 perferantur,
769 1032 797 1096 si
822 1052 890 1114 qua
913 1038 1001 1106 sunt,
1027 1030 1070 1093 ad
1095 1028 1220 1092 inferos
1236 1024 1269 1110 ¹).

249 1145 401 1211 Numero
425 1147 546 1231 plurali
566 1170 669 1234 saepe
689 1153 781 1235 apud
795 1152 987 1235 scriptores,
1001 1150 1202 1215 Ciceronem
1216 1155 1251 1211 et
1263 1145 1357 1211 alios.

204 1265 246 1329 cf.
272 1267 372 1330 Tusc.
398 1269 484 1353 disp.
515 1289 540 1333 1.
557 1271 616 1352 36:
645 1273 759 1354 „cuius
780 1273 949 1355 ignoratio
970 1272 1069 1335 finxit
1090 1269 1215 1333 inferos
1235 1287 1359 1350 easque

208 1386 459 1468 „formidines”.
479 1390 600 1474 Topic.
621 1405 680 1473 45:
706 1401 762 1473 „ut
776 1392 901 1456 mortui
913 1392 958 1456 ab
971 1390 1085 1455 inieris
1099 1386 1359 1469 excitentur”²).

250 1507 332 1571 Vox
355 1509 486 1574 inferna
506 1510 563 1594 (sc.
583 1510 670 1596 loca)
683 1508 706 1595 ³)
728 1533 804 1576 raro
823 1510 956 1594 legitur,
971 1510 1030 1574 sed
1045 1530 1187 1573 numero
1199 1505 1358 1590 singulari

204 1628 372 1693 infernum
397 1630 434 1715 (s.
459 1631 609 1696 infernus
632 1652 679 1696 sc.
704 1631 866 1718 locus):⁴)

205 1749 287 1813 Bch.
314 1751 395 1834 346:
443 1751 593 1836 Legibus
616 1752 738 1817 inferni
763 1753 865 1818 motis
889 1751 1091 1835 Proserpina
1114 1749 1211 1814 reddi

440 1873 636 1957 Eurydicen
660 1874 766 1949 iussit,
790 1873 850 1937 sed
875 1893 951 1937 earn
975 1892 1066 1936 mors
1089 1879 1164 1935 atra
1187 1868 1333 1934 reduxit.

250 1989 393 2075 Saepius
416 1992 641 2058 adiectivum:

206 2110 287 2174 Bch.
306 2129 406 2194 1033:
431 2113 476 2177 sis
500 2134 621 2197 precor
644 2114 783 2178 infernis
807 2114 918 2177 minus
942 2112 1111 2176 invidiosa
1133 2110 1196 2174 sub
1221 2109 1359 2174 umbris

208 2231 289 2295 Bch.
309 2249 409 2313 1041:
435 2234 552 2298 desine
562 2256 623 2318 per
631 2243 738 2299 terras
747 2234 893 2298 infernas
903 2234 1045 2297 tendere
1055 2232 1098 2297 ad
1107 2252 1213 2296 arces.
1221 2229 1361 2314 (cf.501)

207 2351 290 2415 Bch.
309 2355 392 2418 1180
416 2352 469 2437 (ci.
499 2356 613 2440 1181):

317 2474 361 2538 sit
385 2475 465 2539 licet
488 2476 618 2541 inferne
640 2477 755 2562 (τοο)
776 2476 887 2541 noctis
906 2476 1118 2540 tristissimus
1142 2474 1270 2550 horror,

320 2616 375 2659 me
399 2604 515 2661 tamen
539 2607 652 2662 vestre
676 2599 727 2682 (=
739 2597 865 2682 vestra)
890 2598 994 2662 credo
1018 2599 1128 2661 iacere
1153 2596 1268 2660 domo.

208 2715 289 2780 Bch.
306 2716 405 2780 1186:
430 2717 569 2782 infernis
593 2719 788 2783 numinibus
813 2719 892 2783 dedi
918 2718 974 2802 (sc.
999 2717 1117 2800 vitam)
1132 2715 1167 2800 ⁵).

305 2838 406 2902 ibid.:
429 2848 482 2903 set
505 2841 539 2903 in
563 2861 733 2904 secessum
757 2841 904 2904 numinis
928 2839 1078 2903 infernae
1103 2838 1225 2902 domus

431 2959 589 3024 oficiosus
612 2961 754 3025 tandem
778 2960 967 3024 ministerio
989 2958 1136 3022 laetatur
1159 2977 1231 3020 suo.

208 3077 290 3142 Bch.
307 3093 410 3163 1537:
435 3099 622 3162 prevenere
647 3081 738 3144 diem
763 3101 860 3144 meae
885 3079 988 3163 (vitae
999 3077 1022 3163 i)
1047 3076 1197 3141 crudelia
1221 3077 1310 3140 Fata

432 3208 467 3264 et
491 3209 625 3284 raptam
645 3200 776 3264 inferna
797 3221 851 3264 me
873 3220 1017 3284 posuere
1030 3207 1139 3263 ratem
1161 3195 1363 3281 (prozrate).

254 3319 384 3384 Graece
415 3318 541 3400 νέρτεροι
574 3329 610 3384 et
642 3320 825 3385 inferorum
858 3328 937 3383 sunt
961 3320 1016 3383 dei
1041 3328 1076 3383 et
1101 3319 1165 3402 ipsi
1190 3318 1316 3381 mortui
1329 3314 1364 3399 6).

243 3489 270 3557 1)
297 3489 418 3539 Fortasse
445 3489 505 3538 Bcb
541 3487 625 3539 1162:
650 3487 745 3537 flebilis
764 3494 791 3537 et
808 3488 902 3537 misere
921 3494 1011 3553 raptus
1030 3486 1063 3536 ad
1081 3485 1195 3536 inferias.
1215 3485 1237 3535 si
1257 3485 1364 3550 quidem

213 3575 352 3641 „inferias”
371 3575 457 3626 minus
476 3583 546 3626 recte
566 3591 614 3641 pro
624 3591 655 3625 eo
667 3575 788 3640 quodest
799 3573 931 3640 „inferos”
942 3575 1097 3624 dictumest.
1107 3570 1153 3639 (cf.
1163 3573 1226 3622 Bch.
1240 3581 1317 3637 1050.
1324 3571 1361 3639 6).

213 3663 403 3728 comparentur
429 3663 493 3712 Bch.
521 3661 603 3727 1058:
633 3670 660 3713 at
684 3677 775 3713 saevos
793 3662 870 3712 Pluto
888 3662 975 3728 rapuit
993 3676 1034 3711 me
1052 3661 1087 3710 ad
1104 3661 1189 3710 infera
1206 3659 1314 3725 templa,
1333 3666 1360 3709 et

211 3748 275 3798 Bch.
297 3748 378 3811 1829:
398 3749 478 3798 Liber
496 3755 523 3798 et
540 3755 648 3799 exuctus
666 3764 735 3814 cura,
755 3764 886 3814 germane,
906 3747 999 3797 subisti
1018 3747 1110 3813 infera,
1129 3747 1247 3796 desertus
1265 3747 1327 3796 vita.

242 3835 270 3902 2)
298 3836 429 3901 Singulari
459 3851 566 3886 numero
585 3835 683 3885 inferus
702 3837 730 3885 in
750 3835 855 3899 Vulgat.
875 3834 970 3899 legitur
989 3834 1080 3884 Esaias
1099 3832 1201 3897 3810:
1220 3833 1313 3884 vadam
1331 3833 1365 3883 ad

212 3930 301 3989 portas
320 3922 396 3972 inferi
415 3920 540 3989 (Graecez
559 3917 713 3981 πορεύσομαι
730 3915 755 3968 ἐν
773 3917 868 3977 πόλεις
884 3916 966 3988 ᾅδου).
986 3921 1085 3971 Contra
1102 3920 1130 3969 in
1150 3919 1243 3969 Matth.
1265 3919 1307 3986 16,
1327 3917 1359 3969 18

212 4007 257 4076 (ex
282 4008 498 4074 interpretatione
527 4008 660 4058 Theodori
687 4007 795 4075 Bezae):
814 4015 841 4058 et
859 4014 950 4074 portae
968 4008 1110 4057 inferorum
1129 4021 1183 4055 non
1201 4007 1362 4072 superabunt

213 4111 278 4146 eam.
297 4095 358 4162 (Iob
379 4094 485 4161 17.13).
505 4095 610 4145 Adiect.
630 4095 693 4144 Bch.
716 4105 793 4160 1534.

243 4182 271 4250 3)
298 4182 332 4232 ci.
351 4182 435 4232 Tacit.
454 4183 525 4233 Hist.
546 4190 570 4246 5.
582 4190 607 4246 5.
626 4182 659 4232 de
677 4183 797 4232 ludaeis:
817 4183 962 4248 eademque
982 4189 1022 4232 est
1040 4182 1073 4231 de
1093 4180 1203 4230 infernis
1224 4180 1368 4246 persuasio,

212 4276 239 4319 et
258 4270 375 4335 Propert.
395 4279 419 4331 3.
431 4268 473 4318 26.
485 4280 515 4332 3:
535 4276 596 4319 sunt
614 4269 687 4335 apud
701 4269 819 4319 infernos
830 4276 868 4319 tot
879 4269 951 4318 milia
961 4269 1140 4318 formosarum.
1151 4269 1229 4335 (ibid.
1240 4282 1264 4319 2.
1278 4282 1300 4319 1.
1311 4268 1367 4335 37).

243 4353 272 4422 4)
291 4355 324 4406 ci.
342 4355 449 4421 Vulgat.
467 4356 516 4405 lob
536 4369 580 4421 21,
600 4368 647 4420 13:
668 4357 920 4407 Consummaverunt
939 4367 1026 4406 autem
1044 4357 1071 4405 in
1089 4355 1168 4406 bonis
1188 4356 1278 4422 vitam,
1298 4356 1367 4405 etin

211 4443 303 4509 requie
322 4443 418 4492 inferni
437 4442 605 4493 dormierunt.
616 4443 711 4493 Psalm.
722 4457 746 4507 9.
761 4442 808 4492 18:
821 4444 1014 4494 Convertamur
1023 4450 1176 4508 peccatores
1187 4442 1216 4492 in
1226 4442 1366 4492 infernum.

245 4529 273 4596 5)
290 4529 324 4580 cs.
343 4529 405 4582 Bch.
429 4529 511 4580 1262:
531 4531 640 4580 numina
659 4547 728 4581 nunc
747 4531 851 4581 inferna
870 4547 971 4597 precor.
991 4532 1024 4580 A.
1035 4532 1063 4580 P.
1074 4530 1125 4580 VII
1138 4525 1277 4593 333εμιρδὶ
1285 4543 1365 4576 nara·

214 4613 322 4676 χθονίοις
339 4614 407 4674 μετὰ
425 4611 540 4674 δαίμοσιν
558 4612 671 4677 ἄμμορος
688 4610 738 4673 line
753 4613 758 4682 Ι
773 4613 897 4678 ἡμετέρων
915 4613 1001 4677 δώρων.

244 4696 274 4764 6)
299 4697 334 4747 cf.
353 4699 386 4748 A.
397 4698 424 4747 Ρ.
444 4698 496 4748 VII
518 4698 581 4748 182:
600 4699 707 4760 (πεῦκαι)
724 4694 831 4765 Φθιμένρι
849 4695 925 4759 νέρθεν
942 4695 1042 4760 ’ἔφαινον
1059 4694 1121 4745 ὁδὸν.
1141 4697 1209 4748 lbid.
1228 4697 1318 4760 4761·
1335 4703 1361 4747 et

216 4783 340 4850 Sophocl.
360 4784 456 4850 Oedip.
475 4785 537 4850 Tyr.
556 4786 617 4849 416.
