3134 5476
622 1253 946 1320 EPILOGUS.

253 1639 332 1703 Non
357 1639 535 1721 indignum
557 1639 703 1717 videtur,
727 1661 815 1724 quae
840 1640 883 1705 de
907 1640 1085 1705 hominum
1110 1648 1190 1725 post
1213 1650 1360 1706 mortem

207 1761 409 1824 condicione
441 1780 460 1824 e
490 1760 695 1825 carminibus
717 1761 963 1845 sepulcralibus
987 1761 1100 1826 latinis
1124 1763 1361 1846 cognovimus,

205 1881 400 1944 summatim
424 1880 642 1964 breviterque
666 1902 850 1966 exponere.

250 2000 330 2063 Non
361 2021 522 2083 magnum
546 2021 620 2065 esse
644 2023 822 2067 numerum
847 2002 1046 2079 carminum,
1071 2023 1159 2087 quae
1182 2003 1357 2068 immorta-

205 2120 338 2185 litatem
371 2130 506 2204 negent,
535 2121 603 2186 iam
627 2123 742 2187 statim
767 2124 943 2207 apparuit;
968 2133 1049 2188 sunt
1071 2123 1136 2188 alia
1160 2142 1262 2207 porro
1287 2143 1357 2188 car·

208 2242 301 2306 mina
332 2263 399 2306 non
432 2243 548 2319 multa,
574 2245 697 2326 quibus
720 2245 763 2308 de
787 2244 851 2308 hac
875 2265 910 2308 re
935 2243 1120 2320 dubitatur,
1145 2244 1210 2309 alia
1234 2244 1359 2328 quibus

209 2364 296 2428 sitne
319 2361 448 2447 aliquid
467 2369 544 2446 post
566 2372 711 2427 mortem
731 2364 857 2446 quidve
878 2364 1026 2428 hominis
1039 2363 1189 2428 defuncti
1202 2365 1359 2448 supersit,

208 2482 299 2547 nulla
323 2483 361 2547 fit
386 2484 524 2546 mentio.

253 2604 332 2668 Pars
362 2612 477 2667 autem
502 2603 609 2667 maior
632 2601 808 2667 titulorum
831 2602 1071 2687 sepulcralium
1094 2604 1198 2668 animi
1222 2604 1359 2669 immor·

205 2724 374 2788 talitatem
398 2724 501 2787 docet
526 2723 611 2806 (cap.
638 2723 676 2808 1).

248 2846 286 2909 In
317 2845 357 2908 iis
388 2865 490 2928 porro
513 2844 769 2926 investigandis,
794 2864 881 2927 quae
906 2852 984 2928 post
1008 2852 1155 2908 mortem
1179 2865 1355 2928 superesse

205 2966 369 3031 Romanis
402 2965 473 3028 visa
503 2973 592 3041 sunt,
626 2964 784 3048 apparuit
813 2985 891 3028 cum
921 2966 955 3028 in
976 2965 1096 3030 litteris
1121 2974 1191 3029 tam
1216 2966 1355 3032 Graecis

206 3108 308 3170 quam
333 3086 464 3150 Latinis
488 3093 561 3150 tum
585 3087 619 3149 in
643 3083 749 3149 titulis
774 3105 849 3148 raro
873 3086 1036 3168 scriptum
1060 3085 1127 3168 legi
1151 3085 1195 3149 de
1215 3106 1256 3150 ea
1277 3095 1355 3171 post

208 3214 353 3271 mortem
385 3207 597 3282 condicione,
630 3227 697 3290 qua
726 3206 858 3270 animus
886 3226 964 3270 cum
988 3227 1131 3292 corpore
1154 3207 1356 3272 coniunctus

208 3336 399 3404 remaneat;
436 3326 536 3391 latius
570 3335 685 3390 autem
721 3326 821 3391 fuisse
857 3327 1070 3410 divulgatum
1100 3329 1246 3393 hominis
1278 3338 1357 3413 post

207 3450 314 3513 vitam
336 3455 493 3512 exactam
517 3468 585 3512 non
606 3447 715 3511 solum
735 3456 869 3511 exstare
890 3447 1051 3524 animum,
1071 3449 1132 3513 sed
1152 3450 1255 3513 etiam
1276 3470 1354 3515 cum

206 3569 321 3633 animo
339 3568 557 3632 coniunctum
571 3589 773 3652 corporeum
786 3567 885 3650 quid;
901 3569 993 3651 quod
1007 3588 1084 3632 cum
1097 3568 1210 3652 imago
1223 3571 1354 3653 species

205 3688 324 3753 umbra
344 3708 461 3752 manes
482 3689 595 3752 anima
616 3690 747 3753 animus
767 3709 863 3752 mens
874 3687 1076 3771 appelletur,
1091 3708 1206 3752 earum
1231 3709 1354 3754 vocum

203 3828 291 3891 quae
314 3809 381 3871 sint
405 3807 608 3891 significatio
632 3817 667 3872 et
691 3829 780 3886 usus,
806 3810 1001 3894 expositum
1026 3809 1260 3894 exemplisque
1283 3809 1355 3875 illu·

204 3934 348 3992 stratum
371 3936 423 3991 est
448 3928 534 4012 (cap.
561 3929 616 4012 ΙΙ).

251 4049 533 4132 Investigavimus
555 4050 690 4126 deinde,
711 4050 834 4133 quibus
853 4051 896 4115 sit
912 4048 995 4114 locis
1008 4052 1100 4134 quod
1114 4058 1193 4135 post
1206 4059 1352 4116 mortem

205 4176 369 4232 remanet.

251 4289 569 4354 Demonstravimus
588 4289 632 4353 ab
650 4290 751 4353 variis
770 4291 948 4354 sententiis
968 4292 1052 4354 duas
1071 4291 1168 4356 facile
1188 4293 1352 4357 discerni:

206 4410 269 4472 sub
300 4418 390 4473 terra
420 4430 595 4473 remanere
627 4410 757 4474 animas
788 4419 823 4473 et
853 4411 887 4474 in
920 4411 1015 4475 caelo
1046 4431 1102 4474 eas
1126 4414 1268 4491 versari;
1295 4414 1353 4498 qui

206 4553 287 4595 vero
318 4533 381 4596 sub
413 4541 502 4596 terra
525 4531 680 4596 habitare
706 4541 858 4596 mortuos
882 4541 1052 4616 putarent,
1077 4533 1125 4596 ita
1148 4535 1291 4598 sensisse
1315 4542 1353 4597 ut

205 4661 264 4715 aut
294 4653 482 4715 animarum
507 4673 649 4735 regnum
673 4653 707 4715 in
731 4652 945 4716 inferioribus
968 4662 1077 4717 terrae
1102 4653 1254 4737 partibus
1278 4674 1351 4718 esse

205 4770 372 4854 fingerent
395 4772 497 4856 (unde
522 4771 664 4855 profecti
689 4773 732 4836 de
757 4771 940 4837 inferorum
964 4773 1168 4850 nominibus,
1190 4773 1349 4849 tenebriS,
