3134 5476
600 377 643 455 78

271 561 388 624 sedem
414 558 531 621 maiori
556 578 635 621 cura
659 579 761 641 quarn
785 558 940 640 impensa
964 556 1088 638 potuit.

50 684 92 748 ci.
118 684 206 747 Petr.
235 700 305 745 111.
321 694 349 762 5.

96 862 296 927 Cubiculum.

49 982 130 1045 Bch.
160 981 242 1063 1563
267 981 317 1062 (=
330 978 460 1040 Dcssau
486 977 583 1059 8401)
609 976 651 1061 Q.
676 978 860 1061 Pompeius
885 985 920 1041 et
943 996 1063 1052 uxsor3

291 1097 504 1161 conditivom
528 1098 721 1160 cubiculum
745 1097 897 1160 iecerunt
913 1095 946 1179 ¹).

93 1222 225 1285 Eadem
250 1240 318 1282 vox
342 1216 424 1281 Bch.
450 1217 511 1298 815
538 1218 572 1280 in
598 1218 832 1300 praescriptis:
858 1217 1036 1299 Januarius
1060 1236 1096 1278 se
1122 1215 1197 1277 vivo

49 1342 111 1407 sec.
136 1341 199 1406 sibi
232 1347 265 1402 et
296 1337 473 1420 Januariae
498 1337 634 1419 coniugi
658 1357 739 1400 suae
762 1336 853 1400 hunc
877 1335 1082 1411 cubiculum,
1107 1343 1143 1398 et
1164 1335 1197 1396 in

50 1482 152 1525 carm.
177 1458 356 1523 Christian.
381 1457 462 1520 Bch.
489 1457 563 1538 856,
588 1457 647 1519 ubi
672 1477 742 1518 vox
761 1459 889 1521 mansio
908 1477 1046 1540 quoque
1066 1455 1196 1538 legitur.

50 1581 102 1664 (ci.
128 1580 259 1642 Dessau
283 1577 387 1659 8076:
413 1577 622 1640 domicilium
647 1576 770 1640 sibiet
794 1578 885 1660 suis).

48 1700 154 1783 Apud
175 1697 324 1762 Graecos
343 1697 463 1759 eadem
485 1697 601 1778 opinio
614 1697 804 1761 identidem
817 1698 968 1775 recurrit,
981 1697 1023 1760 cs.
1037 1694 1195 1779 Sophocl.

49 1820 167 1902 Antig.
193 1819 275 1901 891:

247 1931 268 1999 ὦ
295 1933 431 2013 τύμβος,
457 1929 478 1999 ὦ
504 1939 668 2016 νυμφεῖον,
693 1932 714 2000 ὦ
740 1938 956 2018 κοιποισκοοφής

248 2053 363 2129 οἴκησις
388 2054 578 2135 άείφρουρος,
603 2052 633 2121 οἶ
654 2058 834 2138 πορεύομοιι.

52 2188 86 2242 et
110 2180 144 2242 in
167 2177 273 2242 titulis
298 2177 342 2240 A.
357 2178 393 2239 P.
418 2177 498 2240 VII.
524 2195 607 2259 330:

160 2299 227 2372 Tim
253 2296 348 2377 σάρον,
372 2293 406 2367 ἣν
434 2299 553 2380 ἐσορᾷς,
579 2297 635 2380 ζῶν
663 2296 814 2376 Μάξιμος
835 2299 929 2370 urinis
957 2297 1058 2378 ἑοινπῷ

269 2420 369 2492 θῆκεν,
398 2415 480 2489 ὅπως
506 2420 576 2500 vulp
597 2418 801 2498 παυσάμενος
826 2421 943 2498 βιότου.

51 2541 132 2604 ibid.
148 2557 229 2622 320:
254 2537 377 2616 Ὀξεῑιιι
402 2537 506 2620 πάνπρ
529 2541 596 2620 περὶ
624 2542 675 2605 τὸν
700 2540 803 2622 τάφον
829 2540 906 2606 εἰσὶν
929 2539 1063 2604 άκοινθοιι

249 2659 302 2724 uui
328 2658 492 2734 σκόλοπες,
516 2659 659 2741 βλάψεις
684 2668 754 2734 ποὺς
779 2662 889 2735 πάθοις,
919 2661 953 2738 ἣν
978 2660 1117 2743 προσθρς·

248 2780 358 2860 Τι’μων
382 2780 595 2862 μισάνθρωπος
621 2782 751 2848 ἐνοικέω.

46 2912 80 2966 et
104 2904 195 2985 apud
219 2904 403 2968 Kaibelum
429 2921 494 2989 270
519 2904 667 2988 (infimae
691 2905 844 2987 aetatis):

111 3023 145 3085 οὐ
169 3019 232 3102 γάρ
257 3046 302 3087 σοι
328 3023 415 3101 θέμις
440 3023 524 3088 ἐστὶν
550 3022 648 3100 δόμων
672 3025 709 3101 μ’
735 3025 814 3101 ε’μῶν
842 3022 1051 3101 ἕξοιπέλοιννιν
1066 3021 1102 3107 ²).

92 3302 135 3364 II.
160 3301 222 3364 Illa
246 3303 410 3384 opinione
435 3304 527 3367 ducti
549 3303 645 3367 multi
666 3305 734 3368 iam
747 3305 819 3369 vivi
828 3304 1014 3387 sepulcrum
1029 3315 1196 3386 tamquam

49 3423 181 3485 domum
198 3423 359 3503 futuram
383 3422 448 3486 sibi
458 3427 579 3507 facere
598 3424 743 3488 solebant
755 3421 778 3507 3)
799 3425 903 3506 idque
923 3432 958 3486 et
976 3424 1011 3486 in
1022 3421 1198 3485 titulorum

50 3540 267 3623 praescriptis
299 3541 369 3625 (aut
400 3544 609 3627 subscriptis)
643 3553 678 3607 et
709 3545 743 3606 in
768 3545 850 3627 ipsis
873 3543 980 3607 titulis
1004 3563 1107 3626 saepe
1132 3563 1200 3606 me·

52 3669 268 3724 moraverunt
280 3656 315 3745 ⁴).

52 3781 248 3790 ’.ω-*η

79 3828 105 3893 1)
123 3828 181 3876 Vox
200 3826 362 3877 conditivum
382 3842 429 3891 pro
449 3827 578 3894 sepulcro,
597 3828 689 3879 Senec.
709 3829 787 3894 epist.
807 3828 892 3891 60.4:
910 3829 956 3894 qui
973 3844 1034 3878 vero
1050 3828 1158 3879 latitant
1174 3837 1200 3879 et

49 3918 164 3979 torpent,
183 3914 219 3963 sic
239 3914 267 3962 in
286 3914 364 3963 domo
383 3921 453 3979 sunt,
472 3914 605 3979 quomodo
624 3915 653 3964 in
671 3915 813 3965 conditivo.
833 3915 867 3964 cl.
886 3915 950 3964 ibid.
967 3914 1036 3964 82.2
1054 3921 1079 3964 et
1096 3917 1200 3967 Dessau

53 4010 131 4065 7992,
151 3999 230 4067 8116,
249 3999 327 4063 8401.

79 4086 109 4154 2)
127 4086 160 4137 cf.
179 4087 200 4137 I.
212 4087 245 4136 G.
255 4088 288 4137 R.
307 4087 368 4136 fasc.
387 4086 426 4135 111
445 4085 540 4154 (1904)
557 4088 609 4151 646
625 4089 714 4138 Tomis
731 4096 862 4154 repertum
871 4088 917 4156 (ci.
927 4089 1074 4157 Tocileseo,
1084 4090 1200 4140 Fouilles

50 4181 76 4223 et
97 4174 249 4224 recherches
268 4189 301 4222 en
321 4174 467 4223 Ronmanie
486 4191 511 4239 p.
533 4187 595 4242 227,
613 4175 656 4242 fig.
678 4175 755 4244 108):
774 4175 818 4222 τὸν
835 4173 916 4237 τάφον
934 4169 998 4223 olum
1014 4172 1077 4238 ’ἔχοι

83 4261 112 4328 3)
130 4263 171 4311 De
190 4261 267 4310 huius
286 4261 480 4310 consuetudinis
499 4262 601 4327 origine
620 4263 652 4313 cf.
672 4263 721 4312 Ed.
741 4263 814 4312 Loch
832 4263 860 4312 in
879 4264 1033 4314 Festschrift
1051 4264 1092 4313 scir
1111 4264 1202 4314 Fried-

53 4347 145 4396 liinder
166 4345 232 4412 1895
253 4363 279 4412 p.
300 4345 360 4410 284.

82 4434 112 4501 4)
139 4434 200 4483 Non
228 4442 267 4485 est
285 4434 494 4484 obliviscendum
513 4436 669 4486 desiderium
688 4453 783 4487 nomen
801 4437 844 4487 vel
863 4443 924 4502 post
942 4444 1051 4487 mortem
1069 4437 1203 4503 integrum

51 4522 172 4571 servandi
200 4527 226 4571 et
254 4522 370 4570 omnium
388 4538 507 4572 sermone
527 4523 677 4573 celebrandi
696 4524 791 4574 multos
810 4525 959 4591 adduxisse,
977 4532 1006 4574 ut
1025 4525 1053 4574 in
1073 4526 1201 4589 sepulcris

51 4608 215 4657 exstruendis
240 4624 326 4658 curam
345 4609 509 4658 adhiberent.
528 4609 561 4659 cs.
582 4610 751 4659 Friedliinder
768 4610 810 4660 l.l.
830 4611 890 4660 ΙΙΙ6
909 4628 934 4677 p.
958 4624 1007 4675 132
1026 4611 1093 4678 (Der
1111 4614 1202 4663 Luxus

52 4694 99 4744 der
124 4695 440 4762 Todtenbestattungen):
471 4698 547 4760 „Den
574 4712 604 4746 so
631 4698 815 4762 allgemeinen,
841 4698 880 4747 oft
904 4699 944 4748 bis
963 4715 993 4748 zu
1013 4699 1203 4750 Leidensehaft

54 4783 244 4846 „gesteigerten
264 4783 391 4849 Wunsch‚
409 4783 445 4832 im
464 4783 614 4833 Andenken
633 4785 679 4834 der
697 4784 834 4834 Nachwelt
853 4785 1014 4835 iortzuleben
1034 4786 1089 4835 und
1107 4788 1201 4838 seinen
