3134 5476
746 327 809 390 ¹04

202 510 336 574 semper
369 487 441 552 fieri
474 490 570 554 iustis
597 493 813 577 temporibus
841 502 901 557 aut
925 495 959 557 in
982 496 1157 577 exsequiis
1180 495 1351 573 faciendis,

204 612 295 695 quod
331 630 452 673 munus
485 633 681 694 supremum
713 615 839 677 iustum
867 615 912 677 sit
941 634 962 677 a
991 614 1109 678 liberis
1140 617 1353 699 potissimum

202 732 322 807 tribui;
347 739 505 812 parentes
526 740 642 796 autem
662 733 729 796 boc
747 734 838 797 tituli
856 744 916 797 aut
933 734 1079 816 sepulcri
1100 734 1235 800 honore
1256 737 1353 800 desti·

203 861 298 917 tutos
319 851 468 934 graviter
490 851 593 935 affligi
618 854 824 937 tristitiaque
848 875 919 918 non
944 875 1050 938 parva
1073 856 1174 919 affici.

248 970 380 1054 Quibus
413 972 537 1035 deinde
569 973 670 1036 rebus
701 974 923 1038 sollemnibus
953 976 1120 1040 efficiatur
1142 985 1354 1042 mortuorum

205 1090 324 1169 cultus,
347 1092 416 1156 iam
439 1092 605 1157 illustrare
627 1095 739 1159 liceat.

250 1211 389 1278 Sacrum
414 1216 629 1279 novemdiale
652 1236 731 1279 cum
750 1216 794 1279 sit
815 1215 943 1280 sactum
963 1219 1356 1299 cenaquenovemdialis

205 1344 333 1419 parata,
365 1336 473 1400 iustae
503 1356 543 1400 ac
566 1336 741 1401 sollemnis
761 1337 957 1420 sepulturae
980 1358 1121 1402 munere
1146 1338 1256 1404 suncti
1281 1348 1357 1404 sunt

206 1457 387 1539 propinqui
404 1454 425 1538 ¹)
468 1477 578 1539 neque
619 1466 736 1521 tamen
780 1459 904 1522 mortui
948 1458 1196 1523 obliviscuntur
1235 1482 1356 1525 eumve

206 1573 400 1659 neglegunt.
423 1577 617 1640 Identidem
642 1578 686 1641 ad
710 1577 903 1661 sepulcrum
916 1576 1122 1662 ·redeunt²),
1141 1600 1186 1644 ne
1206 1581 1356 1646 defuncti

205 1698 423 1761 immemores
447 1698 706 1761 necessitudinis
728 1697 872 1773 vincula,
892 1698 1016 1780 quibus
1034 1707 1115 1763 sunt
1133 1701 1276 1778 astricti,
1297 1701 1356 1765 sol·

207 1819 294 1881 visse
318 1818 506 1893 videantur,
530 1827 565 1881 et
588 1818 635 1881 ibi
659 1819 826 1901 imprimis
848 1819 996 1898 inferrus
1018 1819 1167 1884 asserunt
1191 1830 1338 1885 mortuo.

206 1937 289 2003 Bch.
307 1955 407 2018 1114:
431 1938 478 2002 dii
503 1938 600 2013 bene,
625 1939 718 2021 quod
743 1938 844 2001 nobis
866 1938 944 2002 talis
967 1939 1096 2003 amicus
1120 1949 1204 2016 erat,

429 2059 486 2140 qui
510 2059 606 2122 dedit
630 2058 776 2121 inferias
999 2058 1043 2122 cf.
1070 2058 1217 2143 582.6³)

252 2178 396 2244 Inferiae
420 2179 522 2262 vulgo
546 2201 565 2243 e
587 2181 664 2244 virro
686 2188 857 2255 constant,
882 2182 975 2263 quod
1000 2180 1132 2244 tumulo
1156 2178 1319 2244 insertur:

207 2302 290 2370 Bch.
308 2317 408 2384 1107:
433 2301 564 2365 ossibus
591 2299 768 2364 infundam
790 2319 878 2382 quae
903 2320 1097 2383 nuncquam
1122 2300 1202 2364 vina
1224 2298 1354 2366 bibisti.

207 2423 289 2488 Bch.
307 2422 407 2503 1185:
431 2420 497 2483 hoc
521 2419 604 2483 mihi
628 2428 742 2483 noster
765 2441 842 2483 erus
864 2421 1011 2482 sacravit
1034 2421 1136 2484 inane
1154 2420 1358 2505 sepulcrum,

481 2539 581 2603 villae
604 2547 698 2603 tecta
720 2560 801 2603 suae
825 2547 966 2624 propter
988 2546 1027 2604 ut
1049 2541 1248 2624 aspicerem,

428 2671 532 2745 utque
555 2661 624 2724 suis
647 2659 803 2723 manibus
825 2658 925 2723 flores
948 2659 1031 2723 mihi
1055 2661 1204 2743 vinaque
1227 2681 1332 2745 saepe

476 2782 633 2847 funderet
657 2789 692 2845 et
715 2780 901 2856 lacrimam,
924 2782 1017 2863 quod
1042 2780 1126 2845 mihi
1149 2780 1255 2864 pluris
1281 2782 1355 2846 erit.

255 2906 398 2971 Diversa
432 2912 484 2968 est
519 2903 637 2978 forma,
669 2921 757 2984 quae
786 2901 897 2985 ipsum
929 2909 1100 2965 mortuum
1131 2900 1213 2965 facit
1244 2901 1361 2965 vinum

210 3035 404 3111 rogantem:

246 3262 272 3329 1)
290 3262 332 3311 De
345 3259 491 3326 sepeliendi
507 3256 586 3307 modo
596 3271 675 3320 quem
684 3255 735 3304 sibi
745 3260 853 3319 exoptat
863 3254 1022 3320 Propertius,
1031 3254 1085 3304 vid.
1096 3266 1121 3318 3.
1133 3263 1158 3321 5,
1166 3268 1192 3318 4.
1206 3264 1249 3322 15,
1258 3267 1361 3322 23sqq.

243 3348 272 3415 2)
290 3349 330 3398 De
349 3347 484 3397 Feralibus
504 3354 530 3396 et
549 3343 730 3394 Pmentnlibus
747 3343 801 3392 vid
821 3342 951 3391 Wissovn
968 3341 1011 3394 ll.
1028 3357 1055 3408 p.
1077 3341 1135 3405 187.

212 3432 246 3482 ct'.
266 3432 328 3482 Bch.
349 3431 401 3496 966
419 3430 460 3498 (ιι
475 3429 555 3497 965):

297 3526 351 3569 tum
369 3519 399 3586 (i.
409 3534 432 3568 e.
451 3524 512 3584 post
530 3515 652 3582 mortem)
670 3515 719 3564 tibi
738 3514 761 3564 si
780 3529 832 3579 qus
849 3513 901 3563 mei
919 3512 1031 3563 istorum
1048 3529 1110 3564 cura
1127 3515 1254 3582 manebit,

447 3621 481 3655 ne
500 3619 578 3670 grave
598 3604 632 3653 sit
651 3603 777 3652 tumulum
794 3601 880 3650 risere
898 3616 977 3666 snepe
994 3616 1089 3650 meum.
1139 3601 1173 3651 ci.
1194 3601 1258 3652 Bcb.
1278 3615 1341 3666 240.

251 3700 278 3743 et
295 3692 359 3742 Bch.
379 3703 430 3757 730
448 3692 476 3741 in
494 3691 608 3740 carmine
627 3689 789 3740 Christiano:

405 3795 451 3829 vos
470 3793 571 3844 precor,
589 3793 605 3826 o
623 3777 725 3841 iratres,
743 3790 815 3824 orare
834 3775 886 3825 hnc
905 3773 1011 3840 quando
1030 3775 1135 3840 venitis,

405 3873 431 3915 et
449 3865 570 3931 precibus
588 3865 650 3913 totis
669 3870 770 3928 patrem
788 3869 931 3926 natumque
950 3861 1056 3927 rogatis,

405 3953 439 4002 sit
456 3958 558 4001 restrae
576 3951 671 4000 mentis
690 3950 797 4015 Agapes
815 3964 890 3998 ceree
908 3948 1067 4012 meminisse,

404 4047 433 4090 ut
451 4040 515 4089 deus
534 4039 703 4103 omnipotens
722 4038 835 4102 Agapeu
853 4037 882 4086 in
900 4035 1004 4085 saecula
1021 4040 1116 4084 servet.

247 4127 275 4194 3)
293 4127 356 4177 Bch.
379 4137 459 4192 1050:
479 4126 578 4176 Debuit
597 4125 648 4174 boc
666 4131 743 4173 natus
761 4123 838 4173 nobis
857 4130 988 4189 praestare
1007 4121 1117 4188 duobus,

512 4220 541 4262 ut
559 4213 660 4262 cineres
679 4212 777 4278 patrios
795 4211 903 4261 dederet
920 4209 1029 4260 inferiis.

216 4318 268 4352 vox
296 4300 404 4351 inferiae
431 4300 502 4350 idem
528 4299 673 4364 significare
697 4299 762 4348 mihi
781 4297 931 4348 videturne
950 4296 1106 4362 sepulcrum.
1125 4295 1159 4346 cs.
1178 4295 1261 4347 Orell.
1282 4297 1365 4350 Inscr.

218 4400 286 4453 7413
306 4394 332 4437 et
351 4387 447 4437 Catull.
473 4399 567 4436 ror.2.

217 4476 250 4526 cs.
270 4475 334 4526 Bch.
356 4485 437 4540 1255:
473 4475 541 4524 banc
559 4473 651 4523 aedem
668 4472 757 4539 posuit
774 4471 926 4537 struxidque
944 4471 1086 4521 novissima
1104 4469 1202 4537 templs

542 4561 665 4610 Manibus
685 4568 711 4609 et
729 4559 810 4608 cineri
829 4559 1005 4624 posteriisque
1022 4558 1096 4608 meis

218 4650 327 4700 adnotat
346 4648 533 4698 Buechelerus:
553 4647 682 4713 posteriue
701 4663 752 4695 vox
770 4661 838 4695 nova
856 4662 905 4711 pro
922 4645 1032 4695 inferiis.

250 4739 328 4801 Verg.
348 4736 444 4800 Georg.
462 4748 488 4797 4.
499 4745 549 4800 545
569 4750 629 4800 sqq.
647 4749 745 4783 sacrun·
766 4732 931 4783 novemdiale
949 4732 1058 4783 fortasse
1076 4731 1232 4798 significavit
1250 4739 1339 4798 poeta.
