<?xml version="1.0" encoding="UTF-8"?>
<!DOCTYPE html PUBLIC "-//W3C//DTD XHTML 1.0 Transitional//EN"
    "http://www.w3.org/TR/xhtml1/DTD/xhtml1-transitional.dtd">
<html xmlns="http://www.w3.org/1999/xhtml" xml:lang="en" lang="en">
 <head>
  <title>
</title>
<meta http-equiv="Content-Type" content="text/html;charset=utf-8" />
  <meta name='ocr-system' content='tesseract 3.04.00' />
  <meta name='ocr-capabilities' content='ocr_page ocr_carea ocr_par ocr_line ocrx_word'/>
</head>
<body>
  <div class='ocr_page' id='page_1' title='image "./quaedehominumpo00bleegoog_0123.png"; bbox 0 0 3134 5476; ppageno 0'>
   <div class='ocr_carea' id='block_1_1' title="bbox 605 341 667 390">
    <p class='ocr_par' dir='ltr' id='par_1_1' title="bbox 605 341 667 390">
     <span class='ocr_line' id='line_1_1' title="bbox 605 341 667 390; baseline 0 0"><span class='ocrx_word' id='word_1_1' title='bbox 605 341 667 390; x_wconf 88' lang='lat'>100</span> 
     </span>
    </p>
   </div>
   <div class='ocr_carea' id='block_1_2' title="bbox 57 502 1213 2036">
    <p class='ocr_par' dir='ltr' id='par_1_2' title="bbox 105 502 1200 709">
     <span class='ocr_line' id='line_1_2' title="bbox 105 502 1200 586; baseline -0.003 -17"><span class='ocrx_word' id='word_1_2' title='bbox 105 524 191 586; x_wconf 79' lang='lat' dir='ltr'>,von</span> <span class='ocrx_word' id='word_1_3' title='bbox 227 503 335 569; x_wconf 92' lang='lat' dir='ltr'>seiten</span> <span class='ocrx_word' id='word_1_4' title='bbox 367 505 428 570; x_wconf 91' lang='lat' dir='ltr'>der</span> <span class='ocrx_word' id='word_1_5' title='bbox 460 505 714 571; x_wconf 92' lang='lat' dir='ltr'>Unsichtbaren</span> <span class='ocrx_word' id='word_1_6' title='bbox 737 504 982 581; x_wconf 87' lang='lat' dir='ltr'>abzuwenden‚</span> <span class='ocrx_word' id='word_1_7' title='bbox 1008 502 1146 568; x_wconf 90' lang='lat' dir='ltr'>Nutzen</span> <span class='ocrx_word' id='word_1_8' title='bbox 1167 523 1200 566; x_wconf 90' lang='lat' dir='ltr'>zu</span> 
     </span>
     <span class='ocr_line' id='line_1_3' title="bbox 106 623 538 709; baseline 0.002 -21"><span class='ocrx_word' id='word_1_9' title='bbox 106 625 315 707; x_wconf 71' lang='lat' dir='ltr'>„gewinnem</span> <span class='ocrx_word' id='word_1_10' title='bbox 340 624 489 690; x_wconf 77' lang='lat' dir='ltr'>erklart”</span> <span class='ocrx_word' id='word_1_11' title='bbox 505 623 538 709; x_wconf 89' lang='lat'>¹).</span> 
     </span>
    </p>

    <p class='ocr_par' dir='ltr' id='par_1_3' title="bbox 57 745 1213 2036">
     <span class='ocr_line' id='line_1_4' title="bbox 57 745 382 830; baseline 0 -21"><span class='ocrx_word' id='word_1_12' title='bbox 57 745 215 829; x_wconf 92' lang='lat' dir='ltr'>Denique</span> <span class='ocrx_word' id='word_1_13' title='bbox 240 767 274 829; x_wconf 89' lang='lat' dir='ltr'>p.</span> <span class='ocrx_word' id='word_1_14' title='bbox 301 762 382 830; x_wconf 86' lang='lat'><strong>249:</strong></span> 
     </span>
     <span class='ocr_line' id='line_1_5' title="bbox 107 861 1206 950; baseline -0.005 -20"><span class='ocrx_word' id='word_1_15' title='bbox 107 864 222 948; x_wconf 80' lang='lat' dir='ltr'>„Aber</span> <span class='ocrx_word' id='word_1_16' title='bbox 256 887 355 930; x_wconf 90' lang='lat' dir='ltr'>wenn</span> <span class='ocrx_word' id='word_1_17' title='bbox 379 867 485 930; x_wconf 89' lang='lat' dir='ltr'>esim</span> <span class='ocrx_word' id='word_1_18' title='bbox 509 866 652 949; x_wconf 85' lang='lat' dir='ltr'>eigenen</span> <span class='ocrx_word' id='word_1_19' title='bbox 676 867 844 930; x_wconf 87' lang='lat' dir='ltr'>Interesse</span> <span class='ocrx_word' id='word_1_20' title='bbox 867 874 928 950; x_wconf 84' lang='lat' dir='ltr'>gut</span> <span class='ocrx_word' id='word_1_21' title='bbox 953 864 1022 929; x_wconf 92' lang='lat' dir='ltr'>und</span> <span class='ocrx_word' id='word_1_22' title='bbox 1045 861 1206 948; x_wconf 86' lang='lat' dir='ltr'>gerathen</span> 
     </span>
     <span class='ocr_line' id='line_1_6' title="bbox 106 981 1207 1069; baseline -0.005 -19"><span class='ocrx_word' id='word_1_23' title='bbox 106 987 179 1069; x_wconf 81' lang='lat' dir='ltr'>„ist,</span> <span class='ocrx_word' id='word_1_24' title='bbox 208 987 300 1050; x_wconf 91' lang='lat' dir='ltr'>diese</span> <span class='ocrx_word' id='word_1_25' title='bbox 326 986 567 1052; x_wconf 91' lang='lat' dir='ltr'>unsichtbaren</span> <span class='ocrx_word' id='word_1_26' title='bbox 592 985 852 1052; x_wconf 73' lang='lat' dir='ltr'>Seelenmachte</span> <span class='ocrx_word' id='word_1_27' title='bbox 875 985 948 1050; x_wconf 91' lang='lat' dir='ltr'>sich</span> <span class='ocrx_word' id='word_1_28' title='bbox 972 983 1081 1048; x_wconf 91' lang='lat' dir='ltr'><strong>durch</strong></span> <span class='ocrx_word' id='word_1_29' title='bbox 1106 981 1207 1066; x_wconf 84' lang='lat' dir='ltr'>Opfer</span> 
     </span>
     <span class='ocr_line' id='line_1_7' title="bbox 82 1103 1208 1191; baseline -0.006 -20"><span class='ocrx_word' id='word_1_30' title='bbox 82 1108 263 1191; x_wconf 81' lang='lat' dir='ltr'>-„geneigt</span> <span class='ocrx_word' id='word_1_31' title='bbox 287 1128 327 1170; x_wconf 88' lang='lat' dir='ltr'>zu</span> <span class='ocrx_word' id='word_1_32' title='bbox 352 1107 495 1172; x_wconf 91' lang='lat' dir='ltr'>machen</span> <span class='ocrx_word' id='word_1_33' title='bbox 520 1108 589 1172; x_wconf 93' lang='lat' dir='ltr'>und</span> <span class='ocrx_word' id='word_1_34' title='bbox 612 1106 847 1172; x_wconf 90' lang='lat' dir='ltr'>wohlwollend</span> <span class='ocrx_word' id='word_1_35' title='bbox 869 1127 908 1170; x_wconf 88' lang='lat' dir='ltr'>zu</span> <span class='ocrx_word' id='word_1_36' title='bbox 930 1103 1096 1180; x_wconf 90' lang='lat' dir='ltr'>erhalten,</span> <span class='ocrx_word' id='word_1_37' title='bbox 1118 1123 1156 1167; x_wconf 92' lang='lat' dir='ltr'>so</span> <span class='ocrx_word' id='word_1_38' title='bbox 1169 1103 1208 1165; x_wconf 92' lang='lat' dir='ltr'>ist</span> 
     </span>
     <span class='ocr_line' id='line_1_8' title="bbox 106 1223 1209 1310; baseline -0.005 -18"><span class='ocrx_word' id='word_1_39' title='bbox 106 1227 215 1310; x_wconf 83' lang='lat' dir='ltr'>„doch</span> <span class='ocrx_word' id='word_1_40' title='bbox 240 1229 273 1292; x_wconf 94' lang='lat' dir='ltr'>in</span> <span class='ocrx_word' id='word_1_41' title='bbox 294 1227 361 1292; x_wconf 89' lang='lat' dir='ltr'>viel</span> <span class='ocrx_word' id='word_1_42' title='bbox 373 1227 537 1293; x_wconf 78' lang='lat' dir='ltr'>hoherem</span> <span class='ocrx_word' id='word_1_43' title='bbox 551 1228 684 1293; x_wconf 89' lang='lat' dir='ltr'>Maasse</span> <span class='ocrx_word' id='word_1_44' title='bbox 696 1227 769 1292; x_wconf 90' lang='lat' dir='ltr'>ihre</span> <span class='ocrx_word' id='word_1_45' title='bbox 783 1226 987 1310; x_wconf 86' lang='lat' dir='ltr'>Verehrung</span> <span class='ocrx_word' id='word_1_46' title='bbox 997 1223 1209 1308; x_wconf 84' lang='lat' dir='ltr'>eingegeben</span> 
     </span>
     <span class='ocr_line' id='line_1_9' title="bbox 107 1344 1210 1430; baseline -0.005 -17"><span class='ocrx_word' id='word_1_47' title='bbox 107 1347 233 1430; x_wconf 77' lang='lat' dir='ltr'>„durch</span> <span class='ocrx_word' id='word_1_48' title='bbox 257 1348 312 1412; x_wconf 92' lang='lat' dir='ltr'>ein</span> <span class='ocrx_word' id='word_1_49' title='bbox 334 1347 457 1413; x_wconf 81' lang='lat' dir='ltr'>Gesuhl</span> <span class='ocrx_word' id='word_1_50' title='bbox 478 1349 539 1414; x_wconf 91' lang='lat' dir='ltr'>der</span> <span class='ocrx_word' id='word_1_51' title='bbox 559 1349 679 1426; x_wconf 77' lang='lat' dir='ltr'>Pietat,</span> <span class='ocrx_word' id='word_1_52' title='bbox 701 1349 762 1412; x_wconf 91' lang='lat' dir='ltr'>das</span> <span class='ocrx_word' id='word_1_53' title='bbox 782 1347 878 1412; x_wconf 90' lang='lat' dir='ltr'>nicht</span> <span class='ocrx_word' id='word_1_54' title='bbox 890 1346 987 1411; x_wconf 91' lang='lat' dir='ltr'>mehr</span> <span class='ocrx_word' id='word_1_55' title='bbox 998 1344 1060 1410; x_wconf 85' lang='lat' dir='ltr'>aus</span> <span class='ocrx_word' id='word_1_56' title='bbox 1067 1346 1210 1428; x_wconf 85' lang='lat' dir='ltr'>eigenen</span> 
     </span>
     <span class='ocr_line' id='line_1_10' title="bbox 108 1467 1210 1550; baseline -0.004 -16"><span class='ocrx_word' id='word_1_57' title='bbox 108 1469 270 1550; x_wconf 86' lang='lat' dir='ltr'>,Vorteil,</span> <span class='ocrx_word' id='word_1_58' title='bbox 305 1470 453 1535; x_wconf 90' lang='lat' dir='ltr'>sondern</span> <span class='ocrx_word' id='word_1_59' title='bbox 485 1470 546 1535; x_wconf 84' lang='lat' dir='ltr'>auf</span> <span class='ocrx_word' id='word_1_60' title='bbox 575 1471 666 1536; x_wconf 92' lang='lat' dir='ltr'>Ehre</span> <span class='ocrx_word' id='word_1_61' title='bbox 690 1471 760 1534; x_wconf 94' lang='lat' dir='ltr'>und</span> <span class='ocrx_word' id='word_1_62' title='bbox 785 1469 921 1534; x_wconf 91' lang='lat' dir='ltr'>Nutzen</span> <span class='ocrx_word' id='word_1_63' title='bbox 946 1469 1007 1534; x_wconf 91' lang='lat' dir='ltr'>der</span> <span class='ocrx_word' id='word_1_64' title='bbox 1031 1467 1210 1532; x_wconf 91' lang='lat' dir='ltr'>verehrten</span> 
     </span>
     <span class='ocr_line' id='line_1_11' title="bbox 108 1589 1212 1673; baseline -0.002 -19"><span class='ocrx_word' id='word_1_65' title='bbox 108 1589 264 1673; x_wconf 76' lang='lat' dir='ltr'>„Todten</span> <span class='ocrx_word' id='word_1_66' title='bbox 291 1590 440 1655; x_wconf 92' lang='lat' dir='ltr'>bedacht</span> <span class='ocrx_word' id='word_1_67' title='bbox 463 1591 528 1655; x_wconf 91' lang='lat' dir='ltr'>ist.</span> <span class='ocrx_word' id='word_1_68' title='bbox 543 1639 550 1654; x_wconf 99' lang='lat'>.</span> <span class='ocrx_word' id='word_1_69' title='bbox 565 1639 595 1655; x_wconf 89' lang='lat'>..</span> <span class='ocrx_word' id='word_1_70' title='bbox 621 1591 686 1655; x_wconf 92' lang='lat' dir='ltr'>Die</span> <span class='ocrx_word' id='word_1_71' title='bbox 709 1589 832 1656; x_wconf 90' lang='lat' dir='ltr'>Seelen</span> <span class='ocrx_word' id='word_1_72' title='bbox 856 1591 931 1654; x_wconf 90' lang='lat' dir='ltr'>sind</span> <span class='ocrx_word' id='word_1_73' title='bbox 952 1589 1125 1672; x_wconf 72' lang='lat' dir='ltr'>abhangig</span> <span class='ocrx_word' id='word_1_74' title='bbox 1145 1609 1212 1653; x_wconf 92' lang='lat' dir='ltr'>von</span> 
     </span>
     <span class='ocr_line' id='line_1_12' title="bbox 108 1708 1213 1794; baseline -0.004 -19"><span class='ocrx_word' id='word_1_75' title='bbox 108 1712 205 1794; x_wconf 79' lang='lat' dir='ltr'>„dem</span> <span class='ocrx_word' id='word_1_76' title='bbox 237 1710 335 1776; x_wconf 88' lang='lat' dir='ltr'>Culte</span> <span class='ocrx_word' id='word_1_77' title='bbox 366 1712 428 1775; x_wconf 91' lang='lat' dir='ltr'>der</span> <span class='ocrx_word' id='word_1_78' title='bbox 459 1711 547 1776; x_wconf 92' lang='lat' dir='ltr'>noch</span> <span class='ocrx_word' id='word_1_79' title='bbox 580 1712 626 1776; x_wconf 96' lang='lat' dir='ltr'>im</span> <span class='ocrx_word' id='word_1_80' title='bbox 658 1711 778 1776; x_wconf 91' lang='lat' dir='ltr'>Leben</span> <span class='ocrx_word' id='word_1_81' title='bbox 802 1710 993 1775; x_wconf 89' lang='lat' dir='ltr'>stehenden</span> <span class='ocrx_word' id='word_1_82' title='bbox 1018 1708 1213 1792; x_wconf 87' lang='lat' dir='ltr'>Mitglieder</span> 
     </span>
     <span class='ocr_line' id='line_1_13' title="bbox 109 1828 1213 1913; baseline -0.002 -19"><span class='ocrx_word' id='word_1_83' title='bbox 109 1831 217 1913; x_wconf 82' lang='lat' dir='ltr'>„ihrer</span> <span class='ocrx_word' id='word_1_84' title='bbox 252 1830 407 1909; x_wconf 91' lang='lat' dir='ltr'>Familie,</span> <span class='ocrx_word' id='word_1_85' title='bbox 439 1832 492 1897; x_wconf 91' lang='lat' dir='ltr'>ihr</span> <span class='ocrx_word' id='word_1_86' title='bbox 523 1833 617 1897; x_wconf 89' lang='lat' dir='ltr'>Loos</span> <span class='ocrx_word' id='word_1_87' title='bbox 647 1832 825 1896; x_wconf 93' lang='lat' dir='ltr'>bestimmt</span> <span class='ocrx_word' id='word_1_88' title='bbox 853 1831 926 1896; x_wconf 92' lang='lat' dir='ltr'>sich</span> <span class='ocrx_word' id='word_1_89' title='bbox 950 1829 1038 1895; x_wconf 89' lang='lat' dir='ltr'>nach</span> <span class='ocrx_word' id='word_1_90' title='bbox 1062 1829 1124 1894; x_wconf 93' lang='lat' dir='ltr'>der</span> <span class='ocrx_word' id='word_1_91' title='bbox 1146 1828 1213 1892; x_wconf 88' lang='lat' dir='ltr'>Art</span> 
     </span>
     <span class='ocr_line' id='line_1_14' title="bbox 112 1948 452 2036; baseline 0.003 -22"><span class='ocrx_word' id='word_1_92' title='bbox 112 1952 241 2034; x_wconf 83' lang='lat' dir='ltr'>„dieses</span> <span class='ocrx_word' id='word_1_93' title='bbox 266 1950 401 2016; x_wconf 89' lang='lat' dir='ltr'>Cultes”</span> <span class='ocrx_word' id='word_1_94' title='bbox 417 1948 452 2036; x_wconf 84' lang='lat'>²).</span> 
     </span>
    </p>
   </div>
   <div class='ocr_carea' id='block_1_3' title="bbox 63 2071 739 2156">
    <p class='ocr_par' dir='ltr' id='par_1_4' title="bbox 63 2071 739 2156">
     <span class='ocr_line' id='line_1_15' title="bbox 63 2071 739 2156; baseline 0 -20"><span class='ocrx_word' id='word_1_95' title='bbox 63 2071 182 2136; x_wconf 89' lang='lat' dir='ltr'>Paucis</span> <span class='ocrx_word' id='word_1_96' title='bbox 205 2071 318 2135; x_wconf 90' lang='lat' dir='ltr'>verbis</span> <span class='ocrx_word' id='word_1_97' title='bbox 341 2092 412 2135; x_wconf 93' lang='lat' dir='ltr'>rem</span> <span class='ocrx_word' id='word_1_98' title='bbox 437 2071 739 2156; x_wconf 89' lang='lat' dir='ltr'>comprehendam.</span> 
     </span>
    </p>
   </div>
   <div class='ocr_carea' id='block_1_4' title="bbox 107 2191 1214 2277">
    <p class='ocr_par' dir='ltr' id='par_1_5' title="bbox 107 2191 1214 2277">
     <span class='ocr_line' id='line_1_16' title="bbox 107 2191 1214 2277; baseline -0.002 -22"><span class='ocrx_word' id='word_1_99' title='bbox 107 2191 220 2255; x_wconf 91' lang='lat' dir='ltr'>Morte</span> <span class='ocrx_word' id='word_1_100' title='bbox 254 2212 322 2257; x_wconf 94' lang='lat' dir='ltr'>non</span> <span class='ocrx_word' id='word_1_101' title='bbox 347 2192 458 2256; x_wconf 90' lang='lat' dir='ltr'>omnis</span> <span class='ocrx_word' id='word_1_102' title='bbox 480 2195 707 2277; x_wconf 85' lang='lat' dir='ltr'>exstinguitur</span> <span class='ocrx_word' id='word_1_103' title='bbox 730 2193 834 2257; x_wconf 91' lang='lat' dir='ltr'>homo</span> <span class='ocrx_word' id='word_1_104' title='bbox 858 2212 969 2275; x_wconf 91' lang='lat' dir='ltr'>neque</span> <span class='ocrx_word' id='word_1_105' title='bbox 993 2191 1085 2274; x_wconf 89' lang='lat' dir='ltr'>quod</span> <span class='ocrx_word' id='word_1_106' title='bbox 1110 2197 1214 2254; x_wconf 88' lang='lat' dir='ltr'>restat</span> 
     </span>
    </p>
   </div>
   <div class='ocr_carea' id='block_1_5' title="bbox 63 2309 1221 4205">
    <p class='ocr_par' dir='ltr' id='par_1_6' title="bbox 63 2309 1221 3726">
     <span class='ocr_line' id='line_1_17' title="bbox 63 2309 1213 2397; baseline -0.004 -20"><span class='ocrx_word' id='word_1_107' title='bbox 63 2314 202 2378; x_wconf 91' lang='lat' dir='ltr'>omnino</span> <span class='ocrx_word' id='word_1_108' title='bbox 237 2321 289 2377; x_wconf 90' lang='lat' dir='ltr'>est</span> <span class='ocrx_word' id='word_1_109' title='bbox 318 2334 460 2397; x_wconf 92' lang='lat' dir='ltr'>corpore</span> <span class='ocrx_word' id='word_1_110' title='bbox 493 2334 627 2377; x_wconf 88' lang='lat' dir='ltr'>vacans.</span> <span class='ocrx_word' id='word_1_111' title='bbox 652 2314 781 2377; x_wconf 90' lang='lat' dir='ltr'>Anima</span> <span class='ocrx_word' id='word_1_112' title='bbox 805 2312 885 2395; x_wconf 90' lang='lat' dir='ltr'>(quo</span> <span class='ocrx_word' id='word_1_113' title='bbox 909 2312 1047 2376; x_wconf 93' lang='lat' dir='ltr'>nomine</span> <span class='ocrx_word' id='word_1_114' title='bbox 1072 2309 1213 2375; x_wconf 91' lang='lat' dir='ltr'>indicari</span> 
     </span>
     <span class='ocr_line' id='line_1_18' title="bbox 63 2431 1214 2518; baseline -0.003 -20"><span class='ocrx_word' id='word_1_115' title='bbox 63 2433 164 2499; x_wconf 90' lang='lat' dir='ltr'>liceat</span> <span class='ocrx_word' id='word_1_116' title='bbox 188 2436 280 2518; x_wconf 94' lang='lat' dir='ltr'>quod</span> <span class='ocrx_word' id='word_1_117' title='bbox 303 2434 470 2518; x_wconf 91' lang='lat' dir='ltr'>superest)</span> <span class='ocrx_word' id='word_1_118' title='bbox 495 2442 573 2517; x_wconf 91' lang='lat' dir='ltr'>post</span> <span class='ocrx_word' id='word_1_119' title='bbox 597 2443 743 2498; x_wconf 92' lang='lat' dir='ltr'>mortem</span> <span class='ocrx_word' id='word_1_120' title='bbox 767 2454 836 2499; x_wconf 92' lang='lat' dir='ltr'>non</span> <span class='ocrx_word' id='word_1_121' title='bbox 860 2432 933 2497; x_wconf 91' lang='lat' dir='ltr'>abit</span> <span class='ocrx_word' id='word_1_122' title='bbox 957 2433 990 2496; x_wconf 95' lang='lat' dir='ltr'>in</span> <span class='ocrx_word' id='word_1_123' title='bbox 1010 2431 1087 2496; x_wconf 90' lang='lat' dir='ltr'>loca</span> <span class='ocrx_word' id='word_1_124' title='bbox 1107 2451 1214 2495; x_wconf 90' lang='lat' dir='ltr'>remo·</span> 
     </span>
     <span class='ocr_line' id='line_1_19' title="bbox 64 2552 1216 2638; baseline -0.003 -19"><span class='ocrx_word' id='word_1_125' title='bbox 64 2555 203 2632; x_wconf 81' lang='lat' dir='ltr'>tissima,</span> <span class='ocrx_word' id='word_1_126' title='bbox 238 2556 298 2618; x_wconf 91' lang='lat' dir='ltr'>sed</span> <span class='ocrx_word' id='word_1_127' title='bbox 335 2556 424 2618; x_wconf 91' lang='lat' dir='ltr'>circa</span> <span class='ocrx_word' id='word_1_128' title='bbox 453 2554 645 2638; x_wconf 91' lang='lat' dir='ltr'>sepulcrum</span> <span class='ocrx_word' id='word_1_129' title='bbox 678 2564 840 2631; x_wconf 81' lang='lat' dir='ltr'>versatur,</span> <span class='ocrx_word' id='word_1_130' title='bbox 872 2561 908 2617; x_wconf 91' lang='lat' dir='ltr'>et</span> <span class='ocrx_word' id='word_1_131' title='bbox 932 2553 1071 2636; x_wconf 89' lang='lat' dir='ltr'>quidem</span> <span class='ocrx_word' id='word_1_132' title='bbox 1096 2552 1155 2628; x_wconf 89' lang='lat' dir='ltr'>ita,</span> <span class='ocrx_word' id='word_1_133' title='bbox 1178 2559 1216 2615; x_wconf 90' lang='lat' dir='ltr'>ut</span> 
     </span>
     <span class='ocr_line' id='line_1_20' title="bbox 64 2673 1217 2758; baseline -0.003 -20"><span class='ocrx_word' id='word_1_134' title='bbox 64 2675 143 2739; x_wconf 90' lang='lat' dir='ltr'>cibo</span> <span class='ocrx_word' id='word_1_135' title='bbox 167 2675 319 2758; x_wconf 86' lang='lat' dir='ltr'>indigeat</span> <span class='ocrx_word' id='word_1_136' title='bbox 340 2696 486 2758; x_wconf 91' lang='lat' dir='ltr'>eumque</span> <span class='ocrx_word' id='word_1_137' title='bbox 510 2695 709 2739; x_wconf 91' lang='lat' dir='ltr'>consumere</span> <span class='ocrx_word' id='word_1_138' title='bbox 734 2674 851 2757; x_wconf 90' lang='lat' dir='ltr'>possit.</span> <span class='ocrx_word' id='word_1_139' title='bbox 872 2673 1019 2736; x_wconf 89' lang='lat' dir='ltr'>Animae</span> <span class='ocrx_word' id='word_1_140' title='bbox 1039 2679 1217 2754; x_wconf 88' lang='lat' dir='ltr'>praeterea</span> 
     </span>
     <span class='ocr_line' id='line_1_21' title="bbox 64 2792 1216 2878; baseline -0.004 -18"><span class='ocrx_word' id='word_1_141' title='bbox 64 2797 115 2860; x_wconf 90' lang='lat' dir='ltr'>vis</span> <span class='ocrx_word' id='word_1_142' title='bbox 138 2804 191 2860; x_wconf 90' lang='lat' dir='ltr'>est</span> <span class='ocrx_word' id='word_1_143' title='bbox 215 2804 249 2859; x_wconf 91' lang='lat' dir='ltr'>et</span> <span class='ocrx_word' id='word_1_144' title='bbox 272 2797 456 2861; x_wconf 89' lang='lat' dir='ltr'>adiuvandi</span> <span class='ocrx_word' id='word_1_145' title='bbox 481 2805 516 2861; x_wconf 97' lang='lat' dir='ltr'>et</span> <span class='ocrx_word' id='word_1_146' title='bbox 536 2797 700 2874; x_wconf 90' lang='lat' dir='ltr'>nocendi;</span> <span class='ocrx_word' id='word_1_147' title='bbox 722 2816 810 2878; x_wconf 91' lang='lat' dir='ltr'>quae</span> <span class='ocrx_word' id='word_1_148' title='bbox 831 2796 882 2859; x_wconf 90' lang='lat' dir='ltr'>vis</span> <span class='ocrx_word' id='word_1_149' title='bbox 902 2794 1004 2859; x_wconf 89' lang='lat' dir='ltr'>noxia</span> <span class='ocrx_word' id='word_1_150' title='bbox 1023 2792 1216 2870; x_wconf 88' lang='lat' dir='ltr'>adhibetur,</span> 
     </span>
     <span class='ocr_line' id='line_1_22' title="bbox 64 2914 1218 2999; baseline -0.003 -19"><span class='ocrx_word' id='word_1_151' title='bbox 64 2918 92 2980; x_wconf 93' lang='lat' dir='ltr'>si</span> <span class='ocrx_word' id='word_1_152' title='bbox 128 2917 158 2980; x_wconf 92' lang='lat' dir='ltr'>ei</span> <span class='ocrx_word' id='word_1_153' title='bbox 192 2937 288 2981; x_wconf 90' lang='lat' dir='ltr'>sacra</span> <span class='ocrx_word' id='word_1_154' title='bbox 323 2916 440 2981; x_wconf 93' lang='lat' dir='ltr'>debita</span> <span class='ocrx_word' id='word_1_155' title='bbox 475 2937 543 2980; x_wconf 92' lang='lat' dir='ltr'>non</span> <span class='ocrx_word' id='word_1_156' title='bbox 575 2914 772 2981; x_wconf 80' lang='lat' dir='ltr'>offeruntur.</span> <span class='ocrx_word' id='word_1_157' title='bbox 804 2914 1012 2999; x_wconf 90' lang='lat' dir='ltr'>Superstites</span> <span class='ocrx_word' id='word_1_158' title='bbox 1042 2915 1156 2998; x_wconf 86' lang='lat' dir='ltr'>igitur,</span> <span class='ocrx_word' id='word_1_159' title='bbox 1180 2921 1218 2977; x_wconf 90' lang='lat' dir='ltr'>ut</span> 
     </span>
     <span class='ocr_line' id='line_1_23' title="bbox 66 3034 1218 3119; baseline -0.003 -17"><span class='ocrx_word' id='word_1_160' title='bbox 66 3039 191 3102; x_wconf 88' lang='lat' dir='ltr'>damna</span> <span class='ocrx_word' id='word_1_161' title='bbox 213 3045 371 3102; x_wconf 88' lang='lat' dir='ltr'>avertant</span> <span class='ocrx_word' id='word_1_162' title='bbox 391 3057 520 3119; x_wconf 92' lang='lat' dir='ltr'>suoque</span> <span class='ocrx_word' id='word_1_163' title='bbox 541 3039 690 3101; x_wconf 87' lang='lat' dir='ltr'>serviant</span> <span class='ocrx_word' id='word_1_164' title='bbox 708 3037 902 3113; x_wconf 90' lang='lat' dir='ltr'>commodo,</span> <span class='ocrx_word' id='word_1_165' title='bbox 915 3034 1117 3111; x_wconf 89' lang='lat' dir='ltr'>sacrificant,</span> <span class='ocrx_word' id='word_1_166' title='bbox 1132 3054 1218 3118; x_wconf 90' lang='lat' dir='ltr'>quae</span> 
     </span>
     <span class='ocr_line' id='line_1_24' title="bbox 65 3156 1219 3243; baseline -0.005 -19"><span class='ocrx_word' id='word_1_167' title='bbox 65 3162 198 3226; x_wconf 90' lang='lat' dir='ltr'>animae</span> <span class='ocrx_word' id='word_1_168' title='bbox 230 3167 328 3243; x_wconf 85' lang='lat' dir='ltr'>grata</span> <span class='ocrx_word' id='word_1_169' title='bbox 360 3179 432 3223; x_wconf 91' lang='lat' dir='ltr'>esse</span> <span class='ocrx_word' id='word_1_170' title='bbox 457 3159 681 3242; x_wconf 86' lang='lat' dir='ltr'>suspicantur.</span> <span class='ocrx_word' id='word_1_171' title='bbox 706 3157 803 3241; x_wconf 86' lang='lat' dir='ltr'>Quae</span> <span class='ocrx_word' id='word_1_172' title='bbox 827 3166 943 3221; x_wconf 92' lang='lat' dir='ltr'>tamen</span> <span class='ocrx_word' id='word_1_173' title='bbox 967 3177 1036 3221; x_wconf 92' lang='lat' dir='ltr'>non</span> <span class='ocrx_word' id='word_1_174' title='bbox 1060 3156 1219 3239; x_wconf 91' lang='lat' dir='ltr'>propriae</span> 
     </span>
     <span class='ocr_line' id='line_1_25' title="bbox 66 3275 1219 3361; baseline -0.005 -16"><span class='ocrx_word' id='word_1_175' title='bbox 66 3288 200 3345; x_wconf 90' lang='lat' dir='ltr'>tantum</span> <span class='ocrx_word' id='word_1_176' title='bbox 232 3277 387 3343; x_wconf 91' lang='lat' dir='ltr'>utilitatis</span> <span class='ocrx_word' id='word_1_177' title='bbox 418 3299 519 3344; x_wconf 91' lang='lat' dir='ltr'>causa</span> <span class='ocrx_word' id='word_1_178' title='bbox 550 3278 689 3356; x_wconf 81' lang='lat' dir='ltr'>faciunt,</span> <span class='ocrx_word' id='word_1_179' title='bbox 713 3280 773 3343; x_wconf 92' lang='lat' dir='ltr'>sed</span> <span class='ocrx_word' id='word_1_180' title='bbox 797 3277 901 3342; x_wconf 91' lang='lat' dir='ltr'>etiam</span> <span class='ocrx_word' id='word_1_181' title='bbox 925 3278 1054 3361; x_wconf 92' lang='lat' dir='ltr'>pietate</span> <span class='ocrx_word' id='word_1_182' title='bbox 1078 3275 1219 3340; x_wconf 93' lang='lat' dir='ltr'>adducti</span> 
     </span>
     <span class='ocr_line' id='line_1_26' title="bbox 66 3396 1219 3483; baseline -0.005 -18"><span class='ocrx_word' id='word_1_183' title='bbox 66 3402 232 3466; x_wconf 89' lang='lat' dir='ltr'>honorem</span> <span class='ocrx_word' id='word_1_184' title='bbox 269 3401 393 3465; x_wconf 89' lang='lat' dir='ltr'>mortui</span> <span class='ocrx_word' id='word_1_185' title='bbox 425 3401 564 3483; x_wconf 91' lang='lat' dir='ltr'>eiusque</span> <span class='ocrx_word' id='word_1_186' title='bbox 596 3400 779 3464; x_wconf 91' lang='lat' dir='ltr'>utilitatem</span> <span class='ocrx_word' id='word_1_187' title='bbox 810 3406 969 3482; x_wconf 87' lang='lat' dir='ltr'>spectant</span> <span class='ocrx_word' id='word_1_188' title='bbox 993 3396 1100 3474; x_wconf 92' lang='lat' dir='ltr'>multi,</span> <span class='ocrx_word' id='word_1_189' title='bbox 1126 3397 1219 3479; x_wconf 94' lang='lat' dir='ltr'>quod</span> 
     </span>
     <span class='ocr_line' id='line_1_27' title="bbox 66 3517 1221 3604; baseline -0.007 -16"><span class='ocrx_word' id='word_1_190' title='bbox 66 3521 287 3588; x_wconf 89' lang='lat' dir='ltr'>libationibus</span> <span class='ocrx_word' id='word_1_191' title='bbox 311 3529 414 3604; x_wconf 92' lang='lat' dir='ltr'>atque</span> <span class='ocrx_word' id='word_1_192' title='bbox 438 3520 511 3584; x_wconf 92' lang='lat' dir='ltr'>aliis</span> <span class='ocrx_word' id='word_1_193' title='bbox 535 3521 638 3585; x_wconf 91' lang='lat' dir='ltr'>sacris</span> <span class='ocrx_word' id='word_1_194' title='bbox 658 3519 773 3585; x_wconf 90' lang='lat' dir='ltr'>multis</span> <span class='ocrx_word' id='word_1_195' title='bbox 790 3517 985 3584; x_wconf 89' lang='lat' dir='ltr'>honorificis</span> <span class='ocrx_word' id='word_1_196' title='bbox 1006 3517 1068 3582; x_wconf 87' lang='lat' dir='ltr'>lrui</span> <span class='ocrx_word' id='word_1_197' title='bbox 1081 3526 1221 3601; x_wconf 89' lang='lat' dir='ltr'>putatur</span> 
     </span>
     <span class='ocr_line' id='line_1_28' title="bbox 68 3637 1220 3726; baseline -0.005 -20"><span class='ocrx_word' id='word_1_198' title='bbox 68 3643 176 3726; x_wconf 90' lang='lat' dir='ltr'>iisque</span> <span class='ocrx_word' id='word_1_199' title='bbox 189 3640 282 3706; x_wconf 91' lang='lat' dir='ltr'>velut</span> <span class='ocrx_word' id='word_1_200' title='bbox 291 3640 466 3705; x_wconf 88' lang='lat' dir='ltr'>extollitur</span> <span class='ocrx_word' id='word_1_201' title='bbox 474 3649 510 3704; x_wconf 91' lang='lat' dir='ltr'>et</span> <span class='ocrx_word' id='word_1_202' title='bbox 522 3649 664 3724; x_wconf 88' lang='lat' dir='ltr'>augetur</span> <span class='ocrx_word' id='word_1_203' title='bbox 673 3661 788 3704; x_wconf 93' lang='lat' dir='ltr'>coram</span> <span class='ocrx_word' id='word_1_204' title='bbox 801 3639 1038 3723; x_wconf 90' lang='lat' dir='ltr'>superstitibus</span> <span class='ocrx_word' id='word_1_205' title='bbox 1051 3637 1220 3703; x_wconf 90' lang='lat' dir='ltr'>omnibus.</span> 
     </span>
    </p>

    <p class='ocr_par' dir='ltr' id='par_1_7' title="bbox 69 3758 1221 4205">
     <span class='ocr_line' id='line_1_29' title="bbox 112 3758 1219 3845; baseline -0.004 -18"><span class='ocrx_word' id='word_1_206' title='bbox 112 3761 291 3845; x_wconf 91' lang='lat' dir='ltr'>Copiosius</span> <span class='ocrx_word' id='word_1_207' title='bbox 320 3782 402 3825; x_wconf 91' lang='lat' dir='ltr'>vero</span> <span class='ocrx_word' id='word_1_208' title='bbox 434 3762 477 3825; x_wconf 93' lang='lat' dir='ltr'>de</span> <span class='ocrx_word' id='word_1_209' title='bbox 501 3759 565 3825; x_wconf 94' lang='lat' dir='ltr'>hac</span> <span class='ocrx_word' id='word_1_210' title='bbox 589 3782 625 3824; x_wconf 90' lang='lat' dir='ltr'>re</span> <span class='ocrx_word' id='word_1_211' title='bbox 649 3761 815 3825; x_wconf 91' lang='lat' dir='ltr'>disserere</span> <span class='ocrx_word' id='word_1_212' title='bbox 840 3780 908 3823; x_wconf 92' lang='lat' dir='ltr'>non</span> <span class='ocrx_word' id='word_1_213' title='bbox 933 3768 985 3823; x_wconf 92' lang='lat' dir='ltr'>est</span> <span class='ocrx_word' id='word_1_214' title='bbox 1009 3759 1107 3822; x_wconf 90' lang='lat' dir='ltr'>huius</span> <span class='ocrx_word' id='word_1_215' title='bbox 1130 3758 1219 3836; x_wconf 88' lang='lat' dir='ltr'>libri,</span> 
     </span>
     <span class='ocr_line' id='line_1_30' title="bbox 69 3878 1220 3967; baseline -0.005 -19"><span class='ocrx_word' id='word_1_216' title='bbox 69 3884 122 3948; x_wconf 94' lang='lat' dir='ltr'>cui</span> <span class='ocrx_word' id='word_1_217' title='bbox 147 3884 360 3967; x_wconf 89' lang='lat' dir='ltr'>propositum</span> <span class='ocrx_word' id='word_1_218' title='bbox 381 3890 515 3947; x_wconf 90' lang='lat' dir='ltr'>tantum</span> <span class='ocrx_word' id='word_1_219' title='bbox 536 3891 588 3947; x_wconf 91' lang='lat' dir='ltr'>est</span> <span class='ocrx_word' id='word_1_220' title='bbox 608 3902 695 3965; x_wconf 92' lang='lat' dir='ltr'>quae</span> <span class='ocrx_word' id='word_1_221' title='bbox 715 3883 759 3948; x_wconf 92' lang='lat' dir='ltr'>de</span> <span class='ocrx_word' id='word_1_222' title='bbox 779 3882 844 3946; x_wconf 95' lang='lat' dir='ltr'>hoc</span> <span class='ocrx_word' id='word_1_223' title='bbox 865 3879 958 3944; x_wconf 92' lang='lat' dir='ltr'>cultu</span> <span class='ocrx_word' id='word_1_224' title='bbox 970 3880 1119 3943; x_wconf 89' lang='lat' dir='ltr'>doceant</span> <span class='ocrx_word' id='word_1_225' title='bbox 1130 3878 1220 3944; x_wconf 95' lang='lat' dir='ltr'>tituli</span> 
     </span>
     <span class='ocr_line' id='line_1_31' title="bbox 69 3999 1221 4087; baseline -0.004 -20"><span class='ocrx_word' id='word_1_226' title='bbox 69 4002 273 4087; x_wconf 90' lang='lat' dir='ltr'>sepulcrales</span> <span class='ocrx_word' id='word_1_227' title='bbox 309 4003 478 4087; x_wconf 91' lang='lat' dir='ltr'>inquirere</span> <span class='ocrx_word' id='word_1_228' title='bbox 502 4001 737 4086; x_wconf 87' lang='lat' dir='ltr'>exemplisque</span> <span class='ocrx_word' id='word_1_229' title='bbox 762 4001 937 4077; x_wconf 81' lang='lat' dir='ltr'>illustrare,</span> <span class='ocrx_word' id='word_1_230' title='bbox 963 3999 1006 4064; x_wconf 92' lang='lat' dir='ltr'>ad</span> <span class='ocrx_word' id='word_1_231' title='bbox 1030 4018 1118 4082; x_wconf 92' lang='lat' dir='ltr'>quae</span> <span class='ocrx_word' id='word_1_232' title='bbox 1142 4019 1221 4064; x_wconf 90' lang='lat' dir='ltr'>con·</span> 
     </span>
     <span class='ocr_line' id='line_1_32' title="bbox 71 4120 683 4205; baseline -0.003 -18"><span class='ocrx_word' id='word_1_233' title='bbox 71 4132 169 4190; x_wconf 92' lang='lat' dir='ltr'>tento</span> <span class='ocrx_word' id='word_1_234' title='bbox 192 4123 306 4188; x_wconf 91' lang='lat' dir='ltr'>studio</span> <span class='ocrx_word' id='word_1_235' title='bbox 330 4123 397 4187; x_wconf 92' lang='lat' dir='ltr'>iarn</span> <span class='ocrx_word' id='word_1_236' title='bbox 421 4131 634 4188; x_wconf 91' lang='lat' dir='ltr'>transeamus</span> <span class='ocrx_word' id='word_1_237' title='bbox 648 4120 683 4205; x_wconf 83' lang='lat'>³).</span> 
     </span>
    </p>
   </div>
   <div class='ocr_carea' id='block_1_6' title="bbox 73 4310 1225 4811">
    <p class='ocr_par' dir='ltr' id='par_1_8' title="bbox 104 4310 1006 4378">
     <span class='ocr_line' id='line_1_33' title="bbox 104 4310 1006 4378; baseline -0.004 -18"><span class='ocrx_word' id='word_1_238' title='bbox 104 4311 131 4378; x_wconf 92' lang='lat'>1)</span> <span class='ocrx_word' id='word_1_239' title='bbox 150 4311 183 4360; x_wconf 80' lang='lat' dir='ltr'>cf.</span> <span class='ocrx_word' id='word_1_240' title='bbox 203 4311 266 4361; x_wconf 88' lang='lat' dir='ltr'>ibid.</span> <span class='ocrx_word' id='word_1_241' title='bbox 286 4327 312 4376; x_wconf 91' lang='lat' dir='ltr'>p.</span> <span class='ocrx_word' id='word_1_242' title='bbox 333 4324 364 4360; x_wconf 88' lang='lat'>21</span> <span class='ocrx_word' id='word_1_243' title='bbox 385 4310 475 4360; x_wconf 85' lang='lat' dir='ltr'>adnot.</span> <span class='ocrx_word' id='word_1_244' title='bbox 499 4323 509 4360; x_wconf 92' lang='lat'>1</span> <span class='ocrx_word' id='word_1_245' title='bbox 532 4317 558 4360; x_wconf 91' lang='lat' dir='ltr'>et</span> <span class='ocrx_word' id='word_1_246' title='bbox 575 4310 657 4360; x_wconf 87' lang='lat' dir='ltr'>illud:</span> <span class='ocrx_word' id='word_1_247' title='bbox 677 4310 814 4375; x_wconf 85' lang='lat' dir='ltr'>placantur</span> <span class='ocrx_word' id='word_1_248' title='bbox 832 4323 865 4357; x_wconf 92' lang='lat' dir='ltr'>ne</span> <span class='ocrx_word' id='word_1_249' title='bbox 884 4313 1006 4358; x_wconf 87' lang='lat' dir='ltr'>noceant.</span> 
     </span>
    </p>

    <p class='ocr_par' dir='ltr' id='par_1_9' title="bbox 74 4389 1221 4546">
     <span class='ocr_line' id='line_1_34' title="bbox 102 4389 1221 4466; baseline -0.005 -18"><span class='ocrx_word' id='word_1_250' title='bbox 102 4398 131 4466; x_wconf 85' lang='lat'>2)</span> <span class='ocrx_word' id='word_1_251' title='bbox 150 4398 183 4447; x_wconf 80' lang='lat' dir='ltr'>cf.</span> <span class='ocrx_word' id='word_1_252' title='bbox 203 4398 310 4448; x_wconf 91' lang='lat' dir='ltr'>Lucian.</span> <span class='ocrx_word' id='word_1_253' title='bbox 330 4397 362 4448; x_wconf 89' lang='lat' dir='ltr'>de</span> <span class='ocrx_word' id='word_1_254' title='bbox 380 4398 443 4447; x_wconf 92' lang='lat' dir='ltr'>luct.</span> <span class='ocrx_word' id='word_1_255' title='bbox 462 4410 494 4462; x_wconf 90' lang='lat'>9:</span> <span class='ocrx_word' id='word_1_256' title='bbox 513 4393 546 4453; x_wconf 76' lang='grc' dir='ltr'>ὡς</span> <span class='ocrx_word' id='word_1_257' title='bbox 563 4392 590 4444; x_wconf 72' lang='lat' dir='ltr'>ll</span> <span class='ocrx_word' id='word_1_258' title='bbox 604 4411 640 4457; x_wconf 76' lang='grc' dir='ltr'>τῳ</span> <span class='ocrx_word' id='word_1_259' title='bbox 658 4393 693 4456; x_wconf 73' lang='grc' dir='ltr'>μὴ</span> <span class='ocrx_word' id='word_1_260' title='bbox 709 4391 747 4451; x_wconf 78' lang='lat' dir='ltr'>a’ln</span> <span class='ocrx_word' id='word_1_261' title='bbox 762 4391 995 4454; x_wconf 71' lang='grc' dir='ltr'><strong><em>καταλελειμμένος</em></strong></span> <span class='ocrx_word' id='word_1_262' title='bbox 1009 4389 1069 4454; x_wconf 71' lang='grc' dir='ltr'>ὑπὲρ</span> <span class='ocrx_word' id='word_1_263' title='bbox 1084 4391 1134 4454; x_wconf 68' lang='grc' dir='ltr'>γῆς</span> <span class='ocrx_word' id='word_1_264' title='bbox 1147 4391 1221 4455; x_wconf 75' lang='grc' dir='ltr'><strong><em>φίλος</em></strong></span> 
     </span>
     <span class='ocr_line' id='line_1_35' title="bbox 74 4474 1090 4546; baseline -0.004 -15"><span class='ocrx_word' id='word_1_265' title='bbox 74 4481 242 4546; x_wconf 68' lang='grc' dir='ltr'>ἢτυγγενιὶς,</span> <span class='ocrx_word' id='word_1_266' title='bbox 259 4481 348 4540; x_wconf 59' lang='grc' dir='ltr'><strong><em>ἄτιτος</em></strong></span> <span class='ocrx_word' id='word_1_267' title='bbox 367 4475 440 4536; x_wconf 71' lang='grc' dir='ltr'><strong><em>οὗτοι</em></strong></span> <span class='ocrx_word' id='word_1_268' title='bbox 458 4482 538 4544; x_wconf 73' lang='grc' dir='ltr'><strong><em>νεκρὸς</em></strong></span> <span class='ocrx_word' id='word_1_269' title='bbox 556 4479 598 4530; x_wconf 74' lang='grc' dir='ltr'>καὶ</span> <span class='ocrx_word' id='word_1_270' title='bbox 616 4478 751 4542; x_wconf 74' lang='grc' dir='ltr'>λιμώττων</span> <span class='ocrx_word' id='word_1_271' title='bbox 770 4475 797 4528; x_wconf 73' lang='grc' dir='ltr'>ἐν</span> <span class='ocrx_word' id='word_1_272' title='bbox 813 4476 901 4535; x_wconf 65' lang='lat' dir='ltr'>adroic</span> <span class='ocrx_word' id='word_1_273' title='bbox 917 4474 1090 4527; x_wconf 76' lang='grc' dir='ltr'>πολιτεύεται.</span> 
     </span>
    </p>

    <p class='ocr_par' dir='ltr' id='par_1_10' title="bbox 73 4562 1225 4811">
     <span class='ocr_line' id='line_1_36' title="bbox 103 4562 1225 4635; baseline -0.004 -17"><span class='ocrx_word' id='word_1_274' title='bbox 103 4567 132 4635; x_wconf 82' lang='lat'>3)</span> <span class='ocrx_word' id='word_1_275' title='bbox 150 4569 183 4618; x_wconf 86' lang='lat' dir='ltr'>ci.</span> <span class='ocrx_word' id='word_1_276' title='bbox 210 4568 304 4619; x_wconf 90' lang='lat' dir='ltr'>Rohde</span> <span class='ocrx_word' id='word_1_277' title='bbox 331 4567 374 4617; x_wconf 90' lang='lat' dir='ltr'>l.l.</span> <span class='ocrx_word' id='word_1_278' title='bbox 404 4583 466 4633; x_wconf 85' lang='lat' dir='ltr'>pgg.</span> <span class='ocrx_word' id='word_1_279' title='bbox 498 4567 611 4633; x_wconf 78' lang='lat'>14-36,</span> <span class='ocrx_word' id='word_1_280' title='bbox 640 4567 796 4632; x_wconf 80' lang='lat'>216-2593</span> <span class='ocrx_word' id='word_1_281' title='bbox 817 4563 935 4630; x_wconf 79' lang='lat' dir='ltr'>Stengel,</span> <span class='ocrx_word' id='word_1_282' title='bbox 959 4562 1152 4613; x_wconf 84' lang='lat' dir='ltr'>Chthonischer</span> <span class='ocrx_word' id='word_1_283' title='bbox 1169 4562 1225 4613; x_wconf 90' lang='lat' dir='ltr'>und</span> 
     </span>
     <span class='ocr_line' id='line_1_37' title="bbox 73 4648 1224 4722; baseline -0.006 -17"><span class='ocrx_word' id='word_1_284' title='bbox 73 4655 242 4722; x_wconf 79' lang='lat' dir='ltr'>Todtencult,</span> <span class='ocrx_word' id='word_1_285' title='bbox 266 4656 295 4705; x_wconf 91' lang='lat' dir='ltr'>in</span> <span class='ocrx_word' id='word_1_286' title='bbox 314 4654 469 4705; x_wconf 83' lang='lat' dir='ltr'>Festschrift</span> <span class='ocrx_word' id='word_1_287' title='bbox 487 4654 528 4704; x_wconf 84' lang='lat' dir='ltr'>fiir</span> <span class='ocrx_word' id='word_1_288' title='bbox 547 4653 732 4720; x_wconf 71' lang='lat' dir='ltr'>Friedltinder3</span> <span class='ocrx_word' id='word_1_289' title='bbox 752 4651 906 4717; x_wconf 87' lang='lat' dir='ltr'>Marquardt</span> <span class='ocrx_word' id='word_1_290' title='bbox 925 4648 1164 4715; x_wconf 85' lang='lat' dir='ltr'>Staatsverfassung</span> <span class='ocrx_word' id='word_1_291' title='bbox 1182 4649 1224 4699; x_wconf 91' lang='lat' dir='ltr'>III</span> 
     </span>
     <span class='ocr_line' id='line_1_38' title="bbox 74 4736 1194 4811; baseline -0.007 -18"><span class='ocrx_word' id='word_1_292' title='bbox 74 4759 101 4809; x_wconf 91' lang='lat' dir='ltr'>p.</span> <span class='ocrx_word' id='word_1_293' title='bbox 120 4741 172 4806; x_wconf 84' lang='lat'>298</span> <span class='ocrx_word' id='word_1_294' title='bbox 191 4758 266 4811; x_wconf 84' lang='lat' dir='ltr'>sqq.;</span> <span class='ocrx_word' id='word_1_295' title='bbox 286 4743 424 4809; x_wconf 85' lang='lat' dir='ltr'>Wissowa,</span> <span class='ocrx_word' id='word_1_296' title='bbox 442 4742 568 4807; x_wconf 79' lang='lat' dir='ltr'>Religion</span> <span class='ocrx_word' id='word_1_297' title='bbox 587 4741 643 4792; x_wconf 92' lang='lat' dir='ltr'>und</span> <span class='ocrx_word' id='word_1_298' title='bbox 663 4739 760 4790; x_wconf 86' lang='lat' dir='ltr'>Kultus</span> <span class='ocrx_word' id='word_1_299' title='bbox 779 4739 826 4790; x_wconf 88' lang='lat' dir='ltr'>der</span> <span class='ocrx_word' id='word_1_300' title='bbox 844 4740 942 4788; x_wconf 80' lang='lat' dir='ltr'>Rdmer</span> <span class='ocrx_word' id='word_1_301' title='bbox 960 4752 1023 4803; x_wconf 82' lang='lat' dir='ltr'>pgg.</span> <span class='ocrx_word' id='word_1_302' title='bbox 1045 4736 1194 4802; x_wconf 84' lang='lat'>187-193.</span> 
     </span>
    </p>
   </div>
   <div class='ocr_carea' id='block_1_7' title="bbox 0 0 1596 5476">
    <p class='ocr_par' dir='ltr' id='par_1_11' title="bbox 0 0 1596 5476">
     <span class='ocr_line' id='line_1_39' title="bbox 0 0 1596 5476; baseline 0 0"><span class='ocrx_word' id='word_1_303' title='bbox 0 0 1596 5476; x_wconf 95' lang='lat' dir='ltr'> </span> 
     </span>
    </p>
   </div>
  </div>
 </body>
</html>
