3134 5476
732 376 792 426 102

188 541 269 605 Bch.
287 559 388 625 1339:
412 543 544 625 suscipe
569 562 658 606 nunc
679 543 837 618 coniunx,
856 543 961 625 siquis
981 551 1061 626 post
1080 542 1200 606 lunera
1211 561 1326 617 sensus,

505 662 613 726 debita
638 663 776 726 sacratis
800 662 959 725 Manibus
983 663 1090 744 officia
1106 659 1140 746 1).

189 779 269 844 Βοὴ.
311 781 391 862 576:
416 782 569 864 coniugis
593 782 744 845 absentis
768 782 915 845 reditum
939 780 1087 865 perferre
1111 781 1271 864 nequisti.

417 901 613 984 Ampliatus
637 904 763 985 poterit
787 903 850 966 tibi
874 903 990 968 tristia
1012 923 1113 967 sacra
1137 905 1282 987 referre.

1126 1022 1169 1088 cl.
1200 1023 1293 1088 1216.
1305 1041 1331 1106 9.

235 1261 446 1326 Mortuorum
478 1262 587 1327 cultus
619 1283 687 1327 non
719 1262 828 1327 solum
860 1264 904 1327 ad
936 1263 1159 1328 caerimonias
1191 1263 1335 1346 pertinet

189 1383 290 1446 certis
320 1383 532 1466 temporibus
562 1384 785 1459 renovandas,
811 1404 928 1447 verum
953 1384 1124 1447 etiamad
1149 1384 1265 1447 omnia
1290 1404 1335 1458 ea,

189 1523 276 1586 quae
300 1503 455 1568 sollemni
480 1503 587 1567 luneri
612 1512 690 1567 sunt
712 1505 905 1568 coniuncta.
930 1503 1053 1586 Qualia
1075 1504 1177 1587 igitur
1196 1512 1235 1568 ut
1254 1512 1337 1568 trac·

191 1631 315 1699 tentur,
340 1624 395 1687 hic
420 1624 555 1688 videtur
578 1622 672 1688 locus
696 1644 780 1687 esse.

234 1745 273 1808 In
298 1746 491 1809 universum
517 1746 710 1809 dictasunt
734 1745 836 1808 haec:

190 1865 271 1929 Bch.
286 1867 368 1949 830:
394 1866 505 1949 Acipe
519 1867 578 1949 (sic
589 1866 608 1948 l)
623 1886 722 1941 nunc,
736 1865 848 1941 frater,
862 1867 1010 1947 supremi
1025 1886 1146 1929 munus
1158 1865 1297 1930 honoris
1304 1864 1338 1946 2).

190 1986 232 2050 cl.
243 1987 287 2050 A.
298 1987 332 2050 Ρ.
347 1987 425 2063 VII,
438 2000 519 2071 592:
533 1985 622 2060 ἤθελε
638 1985 701 2066 γάρ
714 2008 769 2064 μιν
782 1983 868 2067 ἔχειν
878 1984 975 2065 γέρας
989 1983 1124 2050 ὕστατον
1134 1981 1184 2050 ola
1197 1985 1338 2051 laudm.

107 2179 109 2183 ¹
191 2114 225 2170 et
238 2106 319 2170 Bch.
332 2108 414 2189 654:
430 2128 516 2190 quae
540 2116 655 2171 tamen
681 2117 872 2172 extremum
897 2129 1028 2185 munus,
1053 2108 1178 2173 solacia
1202 2107 1322 2186 luctus,

429 2228 587 2292 omnibus
596 2229 1093 2312 obsequiisornatdecoratque
1103 2228 1296 2312 sepulcrum
1307 2225 1339 2312 ³).

191 2470 273 2533 Bch.
288 2471 369 2552 380:
394 2470 571 2552 Eutychis,
598 2479 634 2534 ut
659 2490 720 2553 par
743 2478 806 2546 est,
830 2470 950 2534 tribuit
972 2470 1035 2534 tibi
1061 2478 1160 2534 natus
1184 2471 1331 2535 honores

393 2592 489 2655 iuxta
513 2610 615 2673 quem
640 2589 774 2654 dulcem
799 2591 967 2654 dederant
989 2591 1053 2654 tibi
1078 2590 1148 2654 sata
1173 2592 1340 2655 maritum.

237 2708 415 2775 Contraria
440 2711 673 2793 frequentatur
696 2712 867 2774 sententia
890 2711 924 2774 in
949 2712 1020 2774 eius
1044 2711 1137 2775 modi
1162 2711 1287 2776 titulis:

192 2831 273 2895 Bch.
292 2832 369 2911 164:
416 2830 517 2913 Quod
543 2851 603 2914 par
628 2831 761 2913 parenti
785 2830 894 2894 luerat
919 2830 1029 2894 lacere
1054 2829 1207 2916 filium4),

414 2970 505 3014 mors
529 2951 710 3014 immatura
733 2948 814 3013 lecit
837 2958 874 3013 ut
898 2950 1025 3014 laceret
1048 2959 1156 3034 pater.

237 3070 367 3135 Similia
391 3070 445 3134 vel
469 3070 590 3134 leviter
614 3078 744 3133 mutata
767 3070 849 3134 Βοὴ.
879 3070 949 3152 165,
980 3071 1051 3147 166,
1077 3072 1147 3154 167,
1174 3073 1246 3149 168,
1272 3089 1339 3156 170.

194 3191 275 3255 Bch.
294 3193 373 3275 169:
398 3193 499 3275 Quod
525 3193 640 3256 decuit
663 3189 773 3256 lacere
798 3191 902 3255 filiam
927 3192 1135 3275 parentibus,

406 3315 525 3378 maesti
550 3321 710 3396 parentes
733 3334 813 3377 suae
838 3313 991 3377 lecerunt
1015 3312 1114 3386 filiae.

196 3434 277 3498 Bch.
296 3448 374 3519 171:
400 3433 501 3516 Quod
526 3435 575 3498 las
599 3435 733 3517 parenti
758 3435 874 3499 decuit
897 3434 1007 3498 lacere
1032 3433 1137 3497 filium

394 3576 485 3618 mors
498 3555 679 3618 immatura
688 3554 768 3618 lecit
781 3563 818 3617 ut
830 3554 957 3618 laceret
970 3562 1077 3637 pater.
1087 3553 1130 3617 cf.
1144 3555 1238 3635 1568,
1252 3571 1341 3639 1794.

195 3684 371 3760 praeterea
395 3676 476 3739 Bch.
506 3677 689 3759 172—178,
710 3676 800 3739 unde
821 3674 918 3738 facile
931 3676 1144 3759 perspicitur,
1159 3696 1228 3758 quo
1242 3675 1342 3739 modo

194 3797 259 3863 alia
284 3819 327 3861 ex
350 3797 423 3861 aliis
446 3797 514 3860 sint
538 3797 691 3860 derivata
715 3816 754 3859 ac
779 3803 938 3879 corrupta
952 3794 986 3880 ⁵).

240 3920 366 3982 Forma
389 3916 454 3981 alia
477 3924 530 3980 est
553 3916 648 3992 haec,
673 3935 762 3998 quae
782 3916 913 3999 passim
937 3914 1061 3998 legitur
1084 3924 1119 3980 et
1142 3917 1306 3980 variatur:

228 4166 254 4234 1)
273 4168 306 4218 cf.
326 4167 404 4217 Ovid.
426 4168 532 4216 Metam.
553 4163 577 4216 8.
588 4164 655 4229 489:
675 4166 788 4214 officium
807 4166 902 4215 sentite
921 4179 1014 4214 meum.

227 4255 256 4322 2)
274 4255 307 4305 cf.
326 4256 406 4319 Verg.
426 4255 493 4303 Aen.
515 4267 555 4303 11.
567 4263 615 4318 25:
635 4253 734 4303 animas
753 4253 875 4302 decorate
894 4251 1022 4317 supremis
1040 4251 1200 4302 muneribus.
1217 4252 1286 4303 Ibid.
1303 4251 1342 4316 61,

198 4343 246 4409 763
266 4342 368 4409 6.213;
388 4342 473 4391 Tacit.
494 4342 566 4390 Anu.
588 4339 663 4390 1.61.

274 4432 315 4479 De
333 4429 452 4479 ornando
470 4428 590 4493 sepulcro
609 4426 642 4476 ci.
662 4427 725 4476 Bch.
746 4424 808 4493 381,
828 4435 887 4492 541,
909 4435 971 4492 795,
992 4434 1068 4492 1045,
1091 4435 1167 4488 1427.

275 4516 383 4582 Optime
403 4515 576 4565 Buechelerus
596 4513 708 4563 conferri
727 4514 801 4563 iubet
820 4513 875 4562 Cic.
897 4513 954 4562 Cat.
974 4513 1012 4560 M.
1032 4511 1075 4574 84.

247 4602 258 4669 )
277 4603 310 4654 cf.
330 4603 394 4653 Bch.
413 4603 479 4665 467:
517 4602 660 4651 Aeternam
679 4600 728 4650 tibi
747 4600 836 4650 sedem
855 4601 966 4649 Hermes
982 4615 1105 4664 aramque
1124 4598 1219 4664 dicavi,

513 4689 590 4755 Nice,
608 4695 792 4753 optassemque
810 4688 912 4738 utinam
930 4693 975 4736 tua
993 4686 1055 4752 fata,
1073 4693 1206 4752 superstes

512 4781 541 4824 ut
559 4775 624 4824 mihi
644 4781 672 4824 tu
690 4775 796 4824 faceres.
940 4773 973 4823 cl.
995 4771 1071 4823 1208.
