3136 5454
763 399 805 466 30

208 570 441 653 Bch.1328.3:
499 567 526 630 si
550 574 629 630 sunt
653 566 784 644 Manes,
805 568 849 631 sit
872 568 935 631 tibi
958 575 1048 632 terra
1072 565 1166 631 levis.

206 692 289 756 Bch.
303 690 419 774 3662:
498 689 526 751 si
549 688 632 770 quid
654 688 778 753 mortui
799 688 937 764 habent,
951 687 1017 751 hoc
1030 707 1144 751 meum
1157 687 1231 763 erit,
1244 693 1358 749 cetera

251 810 492 878 Conferantur:
1164 803 1260 893 [liqui
1276 803 1311 890 ¹).

205 930 422 1000 Cholodniak
445 947 506 1015 73:
552 929 580 992 si
606 949 694 1012 quae
718 938 798 994 sunt
822 930 953 994 Manes.

271 1053 354 1117 ibid.
446 1051 507 1130 84:
553 1049 580 1112 si
605 1056 657 1112 est
680 1049 801 1133 aliquit
825 1050 859 1114 in
884 1049 1031 1113 infernas
1055 1055 1169 1131 partes
1193 1047 1282 1111 bene

553 1177 627 1232 esto
655 1167 736 1233 felix
769 1177 804 1233 et
835 1168 893 1246 ibi,
918 1167 1111 1233 dulcissima
1133 1164 1358 1250 Thalassia2).

206 1291 251 1356 A.
264 1291 300 1359 P.
314 1290 383 1355 VII
410 1289 474 1372 566
498 1289 799 1373 (suprascriptum
823 1290 964 1373 legitur:
993 1288 1036 1361 είς
1067 1287 1101 1352 τὸ
1131 1291 1183 1352 τού
1215 1283 1359 1351 θανύτου

206 1408 321 1485 ύδνλον
345 1407 398 1473 καῖ
423 1408 458 1472 τύ
482 1411 535 1472 τοῦ
562 1405 634 1484 βίου
657 1406 915 1493 δυστέκμαρτον).

273 1537 358 1595 Γαῖα
381 1528 434 1594 καί
458 1525 630 1604 Εἰλείθυια,
656 1529 695 1593 σύ
719 1528 777 1608 μὲν
800 1528 904 1604 τέκες,
930 1530 947 1604 ἦ
973 1528 1004 1592 δὲ
1028 1527 1216 1601 καλύπτεις·

380 1649 538 1733 χαίρετον·
562 1649 760 1731 ἀμφοτέραις
787 1649 885 1725 ἤνυσα
908 1650 943 1716 τὸ
967 1649 1104 1716 στύδιον.

274 1767 339 1851 εἶμι
364 1771 395 1836 δὲ
420 1772 464 1850 μὴ
490 1770 576 1836 νοέων
600 1767 676 1836 πύθι
701 1770 838 1849 νίσομαι·
863 1770 929 1836 οὐδὲ
954 1771 1017 1854 νύιρ
1043 1769 1142 1848 ὑμέας
1164 1773 1197 1857 (i.
1212 1793 1241 1836 e.
1263 1770 1293 1841 ε’ς
1316 1740 1364 1855 ύ.)

387 1891 403 1969 ἢ
427 1892 509 1966 τίνος
538 1891 554 1967 ἢ
579 1891 627 1965 τίς
651 1892 705 1956 ε’ύιν
729 1885 798 1956 οἶδα
822 1889 919 1957 πύθεν
943 1890 1097 1971 μετέβνν.

209 2013 253 2077 Α.
268 2014 303 2078 Ρ.
317 2013 386 2079 VII
411 2013 495 2098 673:

274 2135 313 2199 Εί
336 2133 425 2213 γένος
449 2132 603 2211 εὐσεβέων
628 2131 694 2214 ζύει
721 2130 808 2210 μετα
831 2131 934 2214 τέρμα
957 2132 1048 2212 βίοιο.

254 2346 293 2409 In
317 2345 438 2410 litteris
461 2353 496 2409 et
521 2343 659 2408 Graecis
682 2351 717 2407 et
742 2344 874 2407 Latinis
897 2344 1032 2427 saepius
1055 2343 1137 2407 talia
1160 2342 1329 2426 leguntur.

210 2463 316 2548 Apud
341 2465 542 2548 Euripidem
567 2462 749 2547 Hippolyt.
778 2462 858 2547 196:

536 2580 575 2647 δι’
598 2580 800 2663 ἀπειροσύνην
828 2577 928 2646 ἄλλον
952 2579 1060 2659 βιότου

531 2703 606 2766 κούκ
632 2700 791 2778 οίπύδειξιν
814 2705 872 2765 τῶν
900 2700 957 2765 ύπύ
982 2700 1093 2780 μαίας·

530 2819 644 2901 μύθοις
669 2820 696 2886 δ’
720 2819 826 2893 ἄλλως
848 2818 1050 2905 φερόμεσθα.

208 2945 379 3010 Heraclid.
407 2961 487 3030 591:
533 2943 605 3009 τύδ’
627 2943 698 3008 ύντί
723 2944 842 3010 παίδων
866 2945 934 3009 ἐστί
957 2968 1009 3023 μοι
1032 2944 1183 3023 κειμήλια

535 3063 588 3129 καί
613 3063 817 3147 παρθενείας,
842 3065 872 3132 εί
894 3091 924 3132 τι
951 3067 987 3142 δὴ
1014 3065 1099 3132 κοίτω
1124 3063 1254 3147 χθονί·

536 3184 581 3262 εῖν
607 3211 647 3266 γε
670 3185 776 3265 μέντοι
803 3188 911 3268 μηδὲν·
937 3190 963 3254 εί
988 3187 1051 3270 γύιρ
1076 3185 1187 3266 ἕξομεν

531 3308 626 3373 κύκεῖ
650 3308 804 3389 μερίμνας
828 3311 854 3375 οἱ
881 3309 1066 3388 θανούμενοι
1090 3309 1220 3391 βροτῶν,

537 3430 591 3493 ούκ
617 3425 674 3495 οἶδ’
699 3425 765 3495 ύποι
790 3455 837 3505 τις
861 3430 1025 3513 τρέψεται.

212 3551 348 3634 Fragm.
374 3550 436 3632 813
462 3548 817 3639 (Stobaeus121.12):

534 3648 570 3734 τύ
594 3670 648 3753 ζῆν
672 3671 735 3754 γὰρ
760 3671 864 3752 ίτμεν,
889 3676 943 3738 τοῦ
968 3670 1077 3738 θανεῖν
1101 3670 1256 3753 δὀίπειρίρι

534 3792 598 3863 παῖς
623 3815 671 3864 τις
695 3792 848 3871 Φοβεῖται
873 3795 941 3876 φῶς
966 3801 1070 3859 λιπεῖν
1093 3791 1158 3858 τύδ’
1183 3791 1281 3869 ἡλίου.

256 3909 444 3993 Hyperidis
486 3907 655 3992 ἐπιτάφιος
698 3913 843 3997 (Hyper.
868 3923 952 3979 orat.
977 3922 1139 3998 quattuor
1181 3915 1235 3978 ed.
1267 3914 1363 3979 Blass

217 4031 297 4094 1881
325 4052 359 4113 p.
383 4030 455 4114 70):
481 4029 554 4111 πρὸς
578 4031 609 4096 δὲ
632 4030 765 4106 τούτοις,
791 4034 817 4099 εί
841 4032 899 4113 μὲν
919 4035 985 4099 ε’στι
1006 4034 1042 4099 τὸ
1065 4031 1239 4099 ύποθανεῖν
1261 4028 1362 4111 ύμοιον
1405 4035 1408 4042 ’

207 4150 250 4230 τῷ
274 4148 319 4227 μίν
343 4146 497 4227 γενέσθαι
524 4188 568 4200 -·
592 4153 617 4218 εί
642 4153 669 4218 δ’
693 4151 777 4219 ἔστιν
802 4152 950 4232 αἴσθησις
975 4156 1006 4222 ἐν
1027 4154 1136 4222 Ἃιδου
1164 4168 1237 4220 κτλ.

247 4365 441 4436 1)Dubitanter
458 4370 527 4421 addo
546 4372 610 4423 Bch.
629 4375 698 4425 216:

369 4471 403 4506 ne
422 4463 450 4508 tu
468 4458 569 4526 fuisses,
588 4461 611 4510 si
630 4461 715 4512 futura
733 4467 786 4512 tam
805 4475 877 4528 grata

370 4543 444 4593 brevi
463 4546 567 4614 reverti,
586 4547 656 4598 unde
676 4548 753 4598 nobis
772 4548 843 4598 edita

370 4629 487 4680 nativom
506 4641 575 4684 esset
593 4641 619 4683 et
638 4635 792 4700 parentibus
810 4634 882 4684 luctu
899 4634 929 4702 (i.
940 4651 962 4687 e.
980 4636 1063 4688 luctui
1082 4637 1158 4705 esse).

245 4710 274 4780 2)
291 4712 325 4765 cf.
344 4715 446 4767 Dessau
470 4717 569 4770 82o1a:
589 4721 631 4771 Tu
649 4722 696 4787 qui
713 4721 780 4788 legis
798 4727 824 4772 et
839 4722 945 4774 dubitas
959 4725 1049 4776 Manes
1065 4740 1131 4793 esse,
1140 4725 1284 4792 sponsione
1294 4727 1362 4779 facta

213 4799 308 4851 invoca
326 4817 374 4852 nos
394 4810 420 4854 et
438 4803 587 4872 intelleges.
