3134 5476
698 399 742 467 97

188 564 332 629 Gravius
356 563 504 646 denique
528 562 613 627 haec
640 565 825 628 docentur:

143 684 226 748 Bch.
239 685 323 765 484:
371 683 514 766 quisque
533 685 624 767 sapis
645 684 786 760 iuvenis,
807 684 887 747 vivo
907 684 970 747 tibi
990 704 1080 767 pone
1093 683 1295 766 sepulcrum.

143 803 227 868 Bch.
246 807 345 889 1238:
370 806 491 869 discite
517 805 676 870 mortales
700 806 772 869 sine
795 805 936 869 crimine
961 806 1085 888 degere
1109 805 1233 869 vitam:

413 926 461 989 sic
486 927 618 1001 meruit,
643 925 728 988 vixit
752 926 810 1008 qui
834 926 906 989 sine
930 924 1058 1002 fraude,
1084 926 1180 989 mori.

144 1044 228 1107 Bch.
246 1062 347 1128 1273:
372 1045 492 1109 discite
515 1045 574 1127 qui
598 1045 719 1128 legitis,
746 1044 843 1108 sactis
867 1046 1052 1109 extendere
1076 1044 1211 1108 famam.

415 1173 453 1228 ut
476 1166 600 1248 probat
623 1165 677 1228 hic
701 1165 829 1241 titulus,
855 1186 924 1229 non
949 1166 1037 1248 perit
1060 1186 1133 1229 esse
1156 1165 1276 1229 bonos.

143 1284 187 1349 cf.
213 1285 295 1349 Bch.
319 1299 373 1369 97,
403 1302 496 1368 1491,
526 1301 619 1369 1492.

188 1729 222 1792 d.
259 1729 338 1792 Non
372 1728 483 1792 solum
518 1736 689 1811 superstes
721 1735 891 1791 mortuum
923 1735 1118 1791 mortuusve
1150 1728 1297 1791 viatores

144 1847 285 1931 fingitur
319 1847 456 1930 alloqui,
489 1868 607 1912 verum
638 1848 742 1911 etiam
775 1848 808 1910 in
840 1847 947 1910 titulis
976 1847 1090 1911 multis
1114 1867 1167 1911 res
1190 1848 1238 1910 ita
1261 1868 1297 1910 se

144 1967 262 2043 habet,
287 1975 325 2031 ut
348 1968 437 2031 inter
461 1976 623 2050 utrosque
646 1968 774 2031 oriatur
797 1966 961 2049 dialogus.

191 2085 348 2170 Simplex
371 2087 479 2151 forma
503 2089 537 2149 in
561 2086 630 2149 his:

146 2207 230 2271 Bch.
260 2208 361 2289 1585:
409 2206 561 2270 Primitia
584 2207 689 2270 have:
714 2214 749 2269 et
773 2215 821 2282 tu,
846 2205 998 2289 quisquis
1021 2225 1066 2282 es,
1092 2204 1167 2270 vale
1183 2203 1217 2288 ¹).

145 2326 229 2391 Bch.
259 2345 338 2409 131:
408 2325 557 2390 Aemilia
580 2326 693 2389 Prima
715 2325 818 2390 salve.

403 2454 439 2509 et
462 2454 499 2508 tu
523 2465 701 2528 quaequae
724 2445 827 2521 dices,
852 2446 967 2508 omnia
991 2444 1151 2508 eveniant
1173 2445 1268 2509 tibei.

190 2565 387 2630 Artificiose
411 2567 667 2648 quodammodo
691 2566 857 2649 disposita
881 2565 986 2628 verba
1008 2565 1184 2648 leguntur:

145 2687 348 2768 Bch.1053=
372 2685 481 2749 dulcis
504 2685 579 2750 vale
603 2693 713 2749 mater
757 2685 830 2767 peri
854 2684 938 2747 dicit
984 2683 1053 2748 filia
1077 2684 1185 2748 dulcis
1210 2684 1297 2759 vale,

721 2825 803 2869 ave:
851 2813 886 2868 et
908 2813 957 2868 tu.

144 2927 281 3012 (verbat
309 2924 437 3012 „perii”
460 2926 550 3002 dicit,
569 2934 641 2990 tam
661 2928 704 2993 ad
726 2934 870 2990 matrem
891 2946 994 3009 quam
1006 2927 1050 2990 ad
1063 2925 1169 2989 filiam
1182 2925 1297 2989 referri

146 3053 301 3130 possunt.
327 3045 421 3128 Bch.)

191 3165 273 3242 Alia
296 3167 446 3230 carmina
470 3174 549 3230 sunt
572 3166 674 3230 haec:

145 3286 229 3350 Bch.
256 3303 319 3366 242
345 3286 509 3370 (mortuus
533 3294 568 3348 et
591 3287 701 3348 viator
724 3285 817 3368 loqui
842 3286 1031 3369 videntur):

192 3406 391 3490 Hospitium
404 3406 466 3469 tibi
480 3405 556 3470 hoc.
591 3407 722 3469 Invitus
735 3406 846 3469 venio.
886 3407 1095 3470 veniundum
1109 3414 1161 3470 est
1174 3414 1301 3470 tamen.

146 3527 229 3590 Bch.
260 3545 361 3610 1139:

148 3648 451 3732 (uxorsuperstes):
461 3645 602 3712 Servavi
612 3647 798 3711 thalamum
812 3648 923 3730 genic,
933 3648 1126 3712 dulcissime
1137 3649 1302 3714 coniunx:

504 3769 691 3832 servandus
711 3789 799 3832 nunc
820 3777 872 3831 est
889 3790 951 3852 pro
970 3769 1122 3833 thalamo
1140 3770 1302 3834 tumulus.

247 3889 423 3974 (mortuus)
435 3915 442 3951 :
456 3888 593 3954 Ornasti
615 3896 649 3952 et
670 3909 786 3952 manes
806 3888 962 3966 lacrimis,
985 3890 1186 3954 miserabilis
1198 3912 1302 3954 uxor:

503 4008 593 4071 haud
618 4017 737 4090 optare
761 4008 843 4072 alias
867 4008 917 4072 sas
940 4019 1013 4074 erat
1035 4010 1182 4074 inferias.

151 4129 232 4193 Bch.
262 4128 346 4211 1289
371 4128 523 4210 (maritus
545 4127 745 4210 superstes):

217 4247 319 4312 Casta
343 4248 435 4311 bona
459 4246 637 4322 inviolans,
661 4267 774 4310 rarum
798 4247 863 4310 hoc
888 4268 908 4311 a
932 4249 1077 4332 coniuge
1102 4271 1233 4327 munus,

307 4369 507 4443 Fortunata,
532 4368 606 4431 tibi.
630 4367 678 4430 sic
702 4367 815 4450 placet
840 4368 1026 4455 Hardalioi
1040 4368 1064 4455 ²)

163 4565 350 4577 ...ος-...ικα-

186 4707 213 4776 1)
231 4707 265 4758 cs.
284 4708 348 4758 Bch.
368 4719 419 4771 374
438 4708 466 4757 in
485 4722 609 4772 praesen:
629 4707 697 4758 have
716 4707 851 4758 Calventi:
872 4709 1025 4760 Calventius
1045 4718 1070 4760 te
1089 4711 1221 4762 resalutat.

185 4795 213 4862 2)
234 4793 396 4861 „Hardalio”
415 4811 473 4846 cum
491 4795 650 4845 Buechelero
669 4795 796 4862 intellego
815 4797 1013 4847 nominativum.

1204 4913 1219 4964 ⁷
1406 4910 1503 5120 Δ
