3134 5476
677 408 719 480 27

233 573 307 638 κεῖν’
331 568 407 654 ἕχον,
431 567 501 639 ὅστ’
524 571 647 657 ἔφαγον
672 572 724 640 καὶ
751 574 911 657 ἐφύβρισα
935 572 989 639 καὶ
1014 575 1070 639 σὺν
1094 571 1179 655 ἔρωτι

233 692 338 776 τέρπν’
363 691 495 760 ἔπαθον·
519 693 562 759 τοὶ
586 695 618 761 δὲ
641 695 748 762 πολλοὶ
772 694 826 761 καὶ
853 692 950 765 ὄλβια
974 691 1084 760 τοέντα
1108 692 1271 758 λέλυνται.

123 815 313 880 Menander
335 817 428 900 apud
450 814 644 881 Ausonium
668 819 775 902 epigr.
804 833 862 900 145
889 817 984 902 (ng.
1006 817 1041 880 P.
1055 817 1095 880 L.
1110 812 1174 881 (Ξ.3
1193 834 1272 899 pars

166 935 199 998 II
224 957 257 1019 p.
281 935 375 1020 676):

234 1053 286 1118 Re
309 1053 419 1118 fruere
442 1063 481 1120 ut
504 1064 604 1121 natus
628 1055 798 1134 mortalis;
825 1055 928 1141 dilige
952 1057 1013 1121 sed
1037 1075 1108 1120 rem

233 1181 409 1257 tamquam
433 1175 651 1253 immortalis3
676 1197 749 1241 sors
772 1177 807 1239 in
831 1184 978 1260 utroque
1001 1175 1161 1239 verenda.
1178 1171 1199 1257 1)

123 1292 167 1357 A.
181 1295 218 1358 P.
231 1294 300 1358 VII
315 1311 375 1378 32:
399 1294 542 1359 Ποαλοέκο
567 1294 625 1373 μέν
646 1293 710 1360 τόδ’
730 1292 836 1379 ἄεοοα,
854 1295 907 1360 καὶ
923 1295 957 1359 ἐν
970 1292 1096 1371 τύμβου
1113 1294 1144 1359 δὲ
1157 1292 1274 1370 βοήσον·

414 1440 436 1474 ·.
489 1412 613 1496 Πένετε,
637 1415 707 1497 πρὶν
731 1415 852 1491 ταύτην
875 1412 1121 1497 ἄμφοβοέλνοθε
1144 1411 1235 1478 κέννν.
1281 1403 1284 1408 ’

122 1532 168 1597 Α.
184 1535 219 1598 Ρ.
243 1535 312 1599 VII
339 1554 379 1619 33
405 1538 499 1619 qnod
522 1556 660 1601 carmen
684 1538 811 1622 dialogi
836 1537 942 1602 habet
965 1538 1130 1601 formam:

189 1653 301 1719 Πολλοὶ
325 1656 401 1719 τοὼν
423 1653 592 1736 τέθνηκας,
614 1653 791 1737 Ἀνοέκρεον.
819 1655 925 1722 ’Anna
951 1654 1128 1738 τρυφήσας.

345 1773 401 1840 καὶ
424 1777 462 1842 σὺ
486 1776 517 1842 δέ
541 1779 586 1854 μὴ
610 1775 706 1842 τίνων
730 1777 812 1855 ἵξεαι
837 1779 880 1850 εἰς
903 1775 1024 1853 Ἀίδην.

125 1895 167 1960 cl.
191 1896 236 1961 Α.
251 1898 286 1961 Ρ.
311 1898 380 1962 VII
406 1914 479 1982 219,
507 1915 582 1982 223,
609 1912 684 1981 325,
712 1900 785 1982 326.

126 2017 195 2081 Kb.
218 2036 303 2103 439:
392 2016 536 2098 χαίρετε,
562 2016 772 2100 εὐφραίνεοθέ
796 2039 844 2083 τε·

92 2127 95 2132 ’
391 2144 484 2204 κενῶν
507 2139 570 2220 γὰρ
595 2141 685 2217 insin
709 2139 813 2222 τέρμα
836 2136 971 2220 μόχθον
995 2140 1012 2214 ἡ
1037 2135 1135 2218 τέρος·

126 2261 312 2344 „quidquid
332 2261 526 2326 laboramus
547 2262 716 2325 incassum
736 2262 893 2338 facimus3
909 2281 1001 2324 mors
1013 2260 1106 2324 enim
1118 2259 1277 2324 omnibus

130 2382 250 2463 „rebus
273 2382 350 2446 finis
372 2383 534 2466 imposita
557 2391 619 2447 est.
644 2384 765 2467 Itaque
790 2381 978 2466 vivamus'f.

129 2501 214 2566 Bull.
240 2503 283 2566 de
307 2522 455 2586 corresp.
480 2502 673 2587 hellenique
698 2524 731 2587 p.
757 2520 839 2584 240:

283 2619 456 2696 Σπεέὸετε,
482 2621 538 2697 τέρν
563 2622 672 2704 ψυχὴν
698 2621 884 2705 εὐφραίνετε
908 2620 1046 2687 παντέτε

325 2743 364 2814 ὡς
391 2743 463 2818 ἡδὺς
487 2742 592 2822 βίοτος
618 2743 671 2809 καὶ
696 2740 806 2826 μέτρον
830 2744 897 2809 ἐστὶ
923 2743 1003 2828 ζοῆς.

262 2859 368 2941 μετὰ
391 2868 499 2930 ταῦτα
523 2862 555 2928 τέ
577 2863 641 2946 γαρ
665 2863 777 2944 τλέον;

171 3172 197 3234 s.
224 3176 254 3244 5.
279 3162 358 3226 Non
382 3163 513 3240 dubito,
536 3165 618 3248 quin
638 3165 672 3230 in
694 3165 757 3229 hac
770 3163 846 3229 libri
859 3174 956 3248 parte
970 3163 1201 3228 enumeranda
1212 3162 1280 3226 sint

126 3283 277 3346 carmina
312 3303 361 3359 ea,
395 3304 483 3367 quae
514 3285 558 3348 de
591 3292 701 3348 morte
732 3293 909 3369 tamquam
943 3285 986 3348 de
1018 3303 1140 3347 somno
1165 3292 1282 3365 agunt.

127 3400 239 3484 Quam
260 3401 518 3467 similitudinem
538 3405 729 3487 comparari
750 3412 885 3468 constat
898 3412 936 3468 ut
948 3404 1117 3468 indicetur
1130 3404 1283 3468 omnium

128 3542 240 3586 rerum
264 3522 367 3586 finem
392 3543 465 3587 esse
490 3531 647 3600 mortem,
673 3533 752 3607 post
777 3532 924 3589 mortem
947 3532 1063 3588 autem
1088 3522 1172 3588 nihil
1196 3544 1280 3601 esse,

129 3641 258 3706 nullum
281 3663 428 3720 sensum,
452 3642 580 3707 nullam
603 3644 710 3708 vitam
733 3646 784 3708 sui
809 3645 982 3709 consciam
995 3640 1030 3727 ²).

129 3762 211 3826 Bch.
235 3764 352 3846 481.3:
422 3762 477 3827 hic
498 3764 587 3827 iacet
606 3773 746 3828 aeterno
763 3765 943 3828 devinctus
956 3763 1110 3829 membra
1122 3784 1256 3848 sopore.

131 3884 399 3949 ef.Bch.188.2:
424 3885 665 3950 dormiendum
689 3886 765 3950 heic
790 3895 843 3950 est
868 3886 950 3950 mihi
965 3883 1000 3968 ³).

132 4004 274 4089 Saepius
298 4005 332 4069 in
355 4004 462 4069 titulis
486 4005 642 4070 Graecis:

132 4127 200 4191 Kb.
223 4127 308 4207 4602
410 4122 524 4191 ένθοέδε
547 4124 668 4204 γλυκὺν
694 4124 786 4191 ὕπνον
811 4124 898 4192 iulia.

130 4243 325 4256 ——n-

167 4296 193 4365 1)
211 4297 378 4349 simillimum
396 4298 508 4350 Luciani
526 4299 687 4365 epigramma
706 4300 739 4348 Α.
749 4300 778 4349 P.
798 4299 823 4348 X
844 4298 893 4349 26:

380 4382 412 4442 ὥς
430 4386 610 4452 τιὲοννρξόμενορ
627 4387 677 4434 τῶν
695 4387 745 4432 τῶν
762 4382 867 4447 ἀγαθῶν
884 4381 1009 4439 ἀπόλαυε,

381 4464 413 4524 ὃς
430 4463 458 4515 δέ
475 4468 627 4531 βιασόμενος
644 4463 728 4529 φείδεο
745 4469 795 4515 τῶν
812 4463 920 4515 κτεάνων
938 4474 997 4514 κτλ.

167 4551 195 4619 2)
214 4551 248 4601 cl.
267 4550 439 4601 Friedlander
457 4550 475 4601 l.
484 4551 502 4601 1.
522 4567 548 4617 p.
570 4551 631 4616 738.

166 4637 194 4705 3)
211 4638 245 4688 cf.
272 4638 374 4689 Dessau
399 4637 482 4688 8021:
508 4654 608 4689 sommo
632 4639 758 4690 aeternali
777 4637 833 4705 (vel
859 4635 977 4704 aeterno)
995 4636 1284 4704 condederuntssmanes

136 4731 304 4791 patronorum
322 4740 436 4775 suorum.
455 4731 482 4775 et
501 4725 566 4775 ibid.
586 4725 666 4793 8022,
684 4724 764 4791 8023,
784 4724 862 4791 8024,
880 4725 960 4791 8194,
976 4723 1055 4790 8217,
1074 4722 1153 4787 8231.
1167 4722 1285 4776 liransiit

136 4810 218 4861 forma
235 4811 263 4861 in
281 4827 361 4862 carm.
380 4812 476 4862 Christ.
496 4812 559 4863 Bch.
581 4813 663 4877 1369:
682 4812 824 4862 Innodium
842 4812 889 4861 leti
907 4811 950 4860 hic
969 4825 1050 4876 sopor
1068 4809 1135 4860 altus
1153 4810 1241 4859 habet.
