3134 5476
698 453 736 520 ¹9

274 617 316 682 cf.
343 634 378 700 5:
428 618 543 682 Rebus
567 617 730 681 sollicitus
754 615 873 693 fueras,
899 617 981 680 dum
1005 617 1076 680 vita
1100 621 1264 690 maneret,

422 737 591 804 Adfectus
614 739 702 802 curis
726 738 856 801 miseris
869 738 1014 801 necdum
1028 756 1159 800 memor
1171 734 1286 800 Orchi.

179 858 218 921 In
253 879 322 942 quo
354 859 504 923 carmine
536 857 641 923 Orchi
673 866 708 921 et
732 858 838 941 patris
870 857 1023 920 Plutonis
1055 855 1152 920 aulae
1177 855 1238 938 (vs.
1251 854 1284 938 4)

135 979 263 1042 mentio
288 976 378 1043 sacta
400 979 562 1043 videntur
586 979 677 1043 nuda
702 999 774 1042 esse
799 978 914 1042 verba.

178 1249 326 1313 Nomine
349 1269 541 1313 securorum
553 1246 576 1332 ¹)
600 1248 735 1332 saepius
759 1247 976 1331 appellantur
1001 1247 1136 1311 mortui.

134 1369 215 1433 Bch.
242 1385 322 1452 390:
402 1369 456 1432 Tu
479 1389 597 1433 secura
621 1370 721 1432 iaces.

132 1488 215 1552 Βοὴ.
239 1490 358 1569 488.4:
404 1489 458 1552 hi'c
482 1490 517 1552 in
540 1487 623 1552 flore
647 1489 750 1553 cubat
774 1487 915 1571 longum
938 1509 1076 1552 securus
1096 1489 1129 1551 in
1151 1506 1283 1552 aevom.

132 1608 214 1672 Bch.
241 1624 379 1692 513.14:
404 1609 497 1673 Nihil
516 1608 618 1673 doleo
639 1630 701 1673 nec
723 1610 830 1687 deest,
851 1630 988 1674 securus
1008 1617 1118 1673 morte
1135 1609 1284 1692 quiesco.

133 1730 214 1794 Bch.
237 1747 322 1813 499:
403 1729 480 1793 Hoc
500 1730 641 1807 tumulo,
664 1731 841 1808 Pontiane,
862 1731 962 1807 iaces,
983 1751 1100 1793 secure
1118 1728 1284 1792 laborum.

132 1849 215 1913 Βοὴ.
244 1851 379 1933 1106.5:
403 1859 441 1914 ut
464 1850 586 1915 saltem
609 1851 777 1915 recubans
798 1853 832 1915 in
855 1859 963 1914 morte
981 1851 1155 1934 quiescere
1169 1855 1286 1932 posset

462 1991 647 2055 securaque
672 1972 786 2035 iacens
811 1970 866 2034 ille
891 1972 1006 2053 quiete
1030 1968 1104 2033 fr'ui.

135 2091 217 2154 Βοὴ.
246 2107 381 2173 1032.3:
405 2091 460 2154 hic
484 2112 549 2174 ego
573 2092 699 2155 securis
723 2093 818 2155 iaceo
841 2112 943 2175 super
967 2090 1126 2155 omnibus
1148 2110 1226 2154 una.

132 2211 312 2275 Praeterea
336 2211 418 2274 Bch.
445 2226 519 2295 375,
545 2213 620 2296 389,
643 2227 721 2296 495,
749 2227 822 2296 529,
847 2213 923 2289 662,
950 2213 1161 2293 1088,1131,
1188 2211 1281 2292 1183,

138 2331 232 2407 1216,
261 2331 355 2414 1276,
384 2346 478 2414 1292,
502 2327 615 2416 alia2).

179 2619 225 2683 Et
248 2619 399 2683 laborum
424 2627 584 2702 expertes
606 2627 695 2695 sunt,
716 2619 773 2702 qui
793 2639 990 2702 supremum
1010 2619 1102 2681 diem
1116 2617 1284 2681 obierunt.

135 2738 231 2822 Quae
265 2741 435 2804 sententia
470 2761 500 2804 e.
520 2761 569 2823 gr.
606 2740 640 2803 in
671 2740 770 2803 huius
801 2739 959 2803 carminis
990 2736 1098 2803 forma
1122 2738 1284 2822 peculiari

135 2862 298 2924 occurrit:

179 2981 260 3045 Bch.
286 2995 368 3076 225:
460 2980 614 3045 Aeterna
639 2981 760 3045 domus
784 2981 847 3045 hec
872 2989 934 3058 est,

466 3123 610 3186 pausum
634 3102 761 3166 laboris
784 3102 839 3166 hic
863 3110 927 3178 est,

467 3221 595 3306 aliquid
621 3223 805 3286 memoriae
830 3222 895 3286 hoc
919 3229 971 3285 est
986 3218 1020 3305 ³).

178 3356 380 3421 Addantur:

134 3476 216 3541 Bch.
240 3477 325 3559 436:
373 3477 445 3541 Iam
466 3478 566 3541 datus
585 3485 637 3541 est
657 3476 734 3541 finis
753 3477 856 3552 vitae,
876 3478 944 3541 iam
964 3497 1086 3560 paussa
1107 3477 1284 3541 malorum.

134 3595 216 3660 Bch.
242 3610 303 3681 573
315 3621 323 3660 ε
371 3596 428 3678 qui
449 3604 528 3679 post
539 3574 674 3660 tantum
688 3616 784 3672 onus
797 3596 922 3660 multos
935 3596 1139 3680 crebrosque
1152 3596 1286 3660 labores

375 3736 465 3780 nunc
488 3716 565 3780 silet
588 3725 623 3780 et
647 3717 754 3780 tacito
777 3724 960 3780 contentus
983 3717 1064 3780 sede
1089 3717 1244 3798 quiescit.

135 3836 216 3901 Bch.
245 3851 345 3921 1095:
370 3836 424 3900 hic
449 3856 525 3900 mea
549 3838 731 3920 conposito
754 3837 972 3920 requiescunt
996 3856 1081 3912 ossa,
1107 3837 1251 3918 quiescit

420 3964 455 4021 et
479 3956 575 4020 labor
598 3978 618 4021 a
642 3977 749 4040 puero
772 3956 830 4041 qui
853 3956 935 4020 mihi
959 3977 1094 4040 semper
1117 3966 1200 4021 erat.

375 4096 464 4141 nunc
488 4077 585 4141 labor
607 4079 719 4142 omnis
743 4078 841 4142 abest
863 4097 1000 4160 semper
1023 4097 1191 4161 curaeque
1213 4098 1285 4142 mo·
1326 4139 1329 4144 .

916 4192 1014 4282 [leste
1039 4197 1116 4280 (ie.
1139 4197 1237 4280 -aei

170 4501 247 4571 1)cf.
268 4504 440 4556 Friedl‘ander
457 4505 499 4559 1.1.
518 4522 545 4572 p.
566 4514 618 4570 739
637 4505 726 4557 adnot.
747 4519 772 4571 3.

166 4589 195 4658 2)
213 4590 246 4641 cf.
265 4592 366 4641 Dessau
384 4591 454 4642 8026
473 4591 526 4659 (dis
545 4593 710 4661 securitatis),
729 4592 799 4656 8027
819 4593 855 4644 id.
871 4592 968 4660 8027a,
984 4592 1055 4657 8030
1070 4592 1215 4661 (securitati
1225 4610 1283 4660 per·

138 4676 252 4745 petuae),
271 4677 341 4742 8029
359 4677 492 4746 (aeternae
511 4679 664 4747 securitati),
680 4680 750 4746 8149
769 4680 868 4748 (Strato
886 4680 964 4732 dicit:
980 4681 1066 4748 amici,
1080 4682 1131 4732 hoe
1147 4688 1173 4732 at
1182 4696 1287 4731 securos

136 4762 154 4812 i.
165 4779 187 4813 e.
205 4763 256 4814 huc
275 4765 309 4815 ad
326 4781 431 4816 securos
450 4766 583 4834 venietis),
604 4765 682 4831 7348.

168 4849 197 4918 3)
214 4850 248 4902 cs.
267 4851 363 4903 Plessis
381 4852 425 4904 l.l.
444 4869 471 4919 p.
492 4866 551 4918 119.
