3134 5476
513 1506 947 1601 PRAEFATIO.

206 1871 301 1954 Quae
333 1875 377 1938 de
405 1873 607 1938 condicione
632 1896 761 1951 eorum,
786 1876 844 1957 qui
868 1875 938 1938 vita
962 1873 1067 1937 functi
1092 1880 1179 1946 sunt,
1204 1871 1311 1934 credi·

162 1993 250 2057 derit
272 1995 467 2077 antiquitas,
493 2016 561 2059 non
586 1995 683 2060 facile
706 1997 875 2071 statuitur,
900 2015 968 2059 non
988 1995 1067 2058 ideo
1087 1993 1179 2076 quod
1201 1993 1312 2056 desint

160 2114 355 2178 testimonia
379 2117 617 2199 variarumque
642 2117 888 2198 cogitationum
913 2114 1022 2179 nuntii
1046 2114 1127 2176 satis
1151 2111 1247 2175 multi
1267 2148 1311 2158 —

161 2233 282 2297 mirum
308 2244 473 2317 quantum
498 2245 533 2300 et
558 2243 681 2319 po'etae
706 2245 741 2300 et
761 2236 929 2320 pedestris
948 2235 1110 2298 orationis
1129 2233 1311 2315 scriptores

161 2363 293 2418 veteres
325 2356 388 2419 hac
421 2358 463 2421 de
496 2377 531 2419 re
564 2358 794 2420 disseruerunt
825 2377 888 2420 nec
920 2376 1061 2438 usquam
1094 2353 1163 2417 fere
1195 2360 1310 2416 tacent

160 2474 248 2538 tituli
268 2475 473 2559 sepulcrales
492 2513 536 2523 —
556 2478 616 2541 sed
639 2478 732 2559 quod
753 2485 811 2540 aut
831 2476 975 2539 obscura
995 2483 1082 2550 sunt,
1100 2483 1159 2538 aut
1172 2473 1311 2536 minime

162 2596 250 2659 inter
283 2617 318 2659 se
350 2598 558 2661 conveniunt
581 2618 684 2681 saepe
711 2618 798 2680 quae
823 2599 1013 2661 traduntur.
1038 2596 1160 2678 Neque
1184 2603 1235 2658 est
1259 2614 1316 2657 ne·

160 2714 366 2797 glegendum
391 2737 564 2800 nunquam
590 2716 659 2780 fere
683 2717 769 2780 tales
792 2718 972 2801 opiniones
985 2717 1145 2780 immotas
1157 2722 1313 2777 constare

161 2844 196 2899 et
216 2835 443 2912 inconcussas
464 2839 524 2901 sed
538 2859 600 2922 per
612 2847 807 2921 temporum
821 2858 954 2902 cursum
968 2857 1119 2901 crescere
1132 2844 1166 2899 et
1180 2823 1313 2909 mutari,

161 2955 332 3020 interdum
357 2978 494 3041 quoque
515 2979 729 3023 evanescere.
752 2959 855 3024 Unde
876 2959 997 3042 quovis
1017 2958 1182 3041 temporis
1202 2955 1314 3039 spatio

161 3077 370 3142 inveteratae
400 3088 493 3143 stant
524 3081 713 3164 opiniones,
746 3101 823 3144 cum
857 3082 1009 3144 oriantur
1040 3078 1094 3142 vel
1126 3085 1220 3141 ortae
1245 3077 1313 3139 iam

162 3198 229 3261 sint
259 3199 344 3263 aliae
376 3220 505 3282 eaeque
538 3222 658 3278 novae,
692 3222 779 3284 quae
803 3202 847 3265 ab
872 3201 1062 3264 veterrimis
1086 3219 1221 3283 prorsus
1246 3197 1312 3261 dis·

162 3327 312 3401 crepent.

132 3461 134 3464 ’
206 3438 349 3504 Constat
372 3442 463 3504 enim
488 3440 586 3505 huius
606 3442 653 3504 rei
675 3442 847 3524 dogmata,
870 3461 957 3524 quae
977 3440 1145 3514 dicuntur,
1166 3438 1315 3520 antiquis

162 3559 373 3643 temporibus
394 3581 569 3643 nunquam
590 3560 691 3624 fuisse
712 3560 887 3642 divulgata
904 3580 1014 3642 neque
1027 3580 1166 3643 operam
1180 3558 1315 3620 dedisse

161 3687 304 3755 veteres,
325 3688 362 3743 ut
382 3701 470 3762 quae
490 3681 657 3744 sentirent
677 3682 711 3744 in
732 3682 933 3763 dogmatum
953 3679 1095 3743 formam
1109 3678 1314 3760 redigerent,

163 3806 283 3881 utpote
308 3799 365 3880 qui
390 3799 434 3862 ab
459 3801 498 3863 iis
522 3800 625 3883 vulgo
649 3801 873 3864 abhorrerent
883 3799 918 3885 ¹).
943 3801 1020 3863 Hoc
1043 3801 1145 3882 igitur
1165 3807 1315 3861 statuen-

165 3919 246 3981 dum
270 3927 331 3995 est,
356 3919 463 3984 multa
486 3941 525 3984 ac
551 3922 684 3985 diversa
709 3923 752 3985 de
772 3921 949 3984 hominum
970 3928 1048 4004 post
1069 3928 1214 3983 mortem
1236 3939 1316 3982 con·

163 4038 297 4101 dicione
327 4040 453 4103 tradita
486 4061 569 4116 esse,
602 4061 689 4124 quae
719 4062 796 4104 cum
820 4061 1027 4123 componere
1052 4048 1086 4103 et
1109 4039 1316 4120 coniungere

163 4156 273 4233 liceat,
299 4159 333 4221 in
357 4180 461 4222 unum
485 4159 638 4223 conferre
662 4181 748 4244 opus
772 4161 846 4236 erit,
872 4168 908 4223 ut
932 4160 1022 4235 inde,
1044 4180 1146 4241 quam
1167 4159 1315 4221 maxime

163 4274 233 4339 fieri
247 4277 364 4360 possit,
378 4278 566 4342 efficiantur
578 4281 691 4343 variae
701 4281 918 4362 antiquorum
928 4279 1103 4342 hominum
1113 4278 1314 4341 sententiae.

208 4395 335 4478 Quanti
358 4406 473 4461 autem
498 4400 630 4462 intersit
641 4396 678 4483 ²),
704 4421 792 4482 quae
813 4408 847 4463 et
867 4398 981 4481 qualia
1001 4399 1044 4461 de
1065 4418 1105 4460 ea
1126 4418 1160 4461 re
1173 4397 1316 4460 senserit

203 4593 229 4661 1)
247 4595 401 4660 Philosophi
420 4595 470 4644 soli
489 4595 682 4661 quodammodo
703 4594 853 4661 excipiendi
867 4602 936 4645 sunt.
953 4596 994 4644 De
1011 4594 1142 4659 mysteriis
1157 4599 1244 4644 autem
1263 4592 1315 4642 alio

165 4681 224 4729 loco
242 4696 326 4729 sermo
346 4681 402 4731 erit.

201 4765 229 4832 2)
253 4766 287 4815 cs.
313 4766 469 4832 Epitaphes.
496 4768 593 4818 Textes
618 4768 715 4818 choisis
741 4775 766 4818 et
785 4768 983 4818 commentaires
1003 4767 1107 4832 publicis
1127 4782 1174 4832 par
1193 4765 1316 4816 Frederic

168 4853 272 4904 Plessis.
291 4854 371 4904 Paris.
390 4855 567 4920 Fontemoing
588 4865 664 4922 1905,
685 4871 712 4920 p.
729 4856 793 4905 XX:
812 4856 902 4922 „Mais
918 4870 1171 4919 oeuvresanonymes
1182 4852 1214 4902 de
1225 4852 1317 4918 poetes

1215 4969 1226 5006 1
