<?xml version="1.0" encoding="UTF-8"?>
<!DOCTYPE html PUBLIC "-//W3C//DTD XHTML 1.0 Transitional//EN"
    "http://www.w3.org/TR/xhtml1/DTD/xhtml1-transitional.dtd">
<html xmlns="http://www.w3.org/1999/xhtml" xml:lang="en" lang="en">
 <head>
  <title>
</title>
<meta http-equiv="Content-Type" content="text/html;charset=utf-8" />
  <meta name='ocr-system' content='tesseract 3.04.00' />
  <meta name='ocr-capabilities' content='ocr_page ocr_carea ocr_par ocr_line ocrx_word'/>
</head>
<body>
  <div class='ocr_page' id='page_1' title='image "./quaedehominumpo00bleegoog_0048.png"; bbox 0 0 3134 5476; ppageno 0'>
   <div class='ocr_carea' id='block_1_1' title="bbox 685 391 724 460">
    <p class='ocr_par' dir='ltr' id='par_1_1' title="bbox 685 391 724 460">
     <span class='ocr_line' id='line_1_1' title="bbox 685 391 724 460; baseline 0 0"><span class='ocrx_word' id='word_1_1' title='bbox 685 391 724 460; x_wconf 84' lang='lat'><strong>25</strong></span> 
     </span>
    </p>
   </div>
   <div class='ocr_carea' id='block_1_2' title="bbox 132 550 1282 1837">
    <p class='ocr_par' dir='ltr' id='par_1_2' title="bbox 132 550 1282 1837">
     <span class='ocr_line' id='line_1_2' title="bbox 132 550 1223 640; baseline 0.003 -25"><span class='ocrx_word' id='word_1_2' title='bbox 132 550 375 638; x_wconf 82' lang='lat' dir='ltr'><strong>Bch.484.6¹):</strong></span> <span class='ocrx_word' id='word_1_3' title='bbox 401 555 507 619; x_wconf 86' lang='lat' dir='ltr'><strong>multa</strong></span> <span class='ocrx_word' id='word_1_4' title='bbox 532 557 718 621; x_wconf 89' lang='lat' dir='ltr'><strong>iuventutis</strong></span> <span class='ocrx_word' id='word_1_5' title='bbox 741 557 805 621; x_wconf 86' lang='lat' dir='ltr'><strong>feci</strong></span> <span class='ocrx_word' id='word_1_6' title='bbox 830 558 910 640; x_wconf 87' lang='lat' dir='ltr'><strong>quia</strong></span> <span class='ocrx_word' id='word_1_7' title='bbox 933 578 1007 620; x_wconf 91' lang='lat' dir='ltr'><strong>sum</strong></span> <span class='ocrx_word' id='word_1_8' title='bbox 1032 556 1223 620; x_wconf 90' lang='lat' dir='ltr'><strong>moriturus.</strong></span> 
     </span>
     <span class='ocr_line' id='line_1_3' title="bbox 132 671 1146 760; baseline 0.004 -25"><span class='ocrx_word' id='word_1_9' title='bbox 132 671 369 758; x_wconf 83' lang='lat' dir='ltr'><strong>Bch.1259.2:</strong></span> <span class='ocrx_word' id='word_1_10' title='bbox 394 676 452 758; x_wconf 92' lang='lat' dir='ltr'><strong>qui</strong></span> <span class='ocrx_word' id='word_1_11' title='bbox 477 676 541 740; x_wconf 90' lang='lat' dir='ltr'><strong>sibi</strong></span> <span class='ocrx_word' id='word_1_12' title='bbox 565 678 647 742; x_wconf 95' lang='lat' dir='ltr'><strong>dum</strong></span> <span class='ocrx_word' id='word_1_13' title='bbox 673 679 768 756; x_wconf 90' lang='lat' dir='ltr'><strong>vixit,</strong></span> <span class='ocrx_word' id='word_1_14' title='bbox 793 678 873 743; x_wconf 87' lang='lat' dir='ltr'><strong>fecit</strong></span> <span class='ocrx_word' id='word_1_15' title='bbox 898 678 1024 760; x_wconf 95' lang='lat' dir='ltr'><strong>ubique</strong></span> <span class='ocrx_word' id='word_1_16' title='bbox 1047 676 1146 740; x_wconf 92' lang='lat' dir='ltr'><strong>bene.</strong></span> 
     </span>
     <span class='ocr_line' id='line_1_4' title="bbox 133 791 1281 882; baseline 0.003 -27"><span class='ocrx_word' id='word_1_17' title='bbox 133 791 214 855; x_wconf 88' lang='lat' dir='ltr'><strong>Bch.</strong></span> <span class='ocrx_word' id='word_1_18' title='bbox 234 796 334 877; x_wconf 86' lang='lat'>1318:</span> <span class='ocrx_word' id='word_1_19' title='bbox 394 795 471 859; x_wconf 91' lang='lat' dir='ltr'><strong>Hoc</strong></span> <span class='ocrx_word' id='word_1_20' title='bbox 506 818 571 879; x_wconf 86' lang='lat' dir='ltr'><strong>ego</strong></span> <span class='ocrx_word' id='word_1_21' title='bbox 606 818 643 862; x_wconf 91' lang='lat' dir='ltr'><strong>su</strong></span> <span class='ocrx_word' id='word_1_22' title='bbox 679 798 712 882; x_wconf 91' lang='lat' dir='ltr'><strong>(i.</strong></span> <span class='ocrx_word' id='word_1_23' title='bbox 726 820 755 862; x_wconf 89' lang='lat' dir='ltr'><strong>e.</strong></span> <span class='ocrx_word' id='word_1_24' title='bbox 791 799 878 882; x_wconf 85' lang='lat' dir='ltr'><strong>sum)</strong></span> <span class='ocrx_word' id='word_1_25' title='bbox 913 798 947 861; x_wconf 95' lang='lat' dir='ltr'><strong>in</strong></span> <span class='ocrx_word' id='word_1_26' title='bbox 983 797 1115 862; x_wconf 92' lang='lat' dir='ltr'><strong>tumulo</strong></span> <span class='ocrx_word' id='word_1_27' title='bbox 1150 797 1281 860; x_wconf 88' lang='lat' dir='ltr'>Primus</span> 
     </span>
     <span class='ocr_line' id='line_1_5' title="bbox 937 914 1234 1004; baseline -0.007 -23"><span class='ocrx_word' id='word_1_28' title='bbox 937 914 1145 1004; x_wconf 91' lang='lat' dir='ltr'><strong>[notissimus</strong></span> <span class='ocrx_word' id='word_1_29' title='bbox 1168 915 1234 980; x_wconf 89' lang='lat' dir='ltr'><strong>ille.</strong></span> 
     </span>
     <span class='ocr_line' id='line_1_6' title="bbox 400 1037 1149 1122; baseline 0.003 -23"><span class='ocrx_word' id='word_1_30' title='bbox 400 1037 469 1100; x_wconf 87' lang='lat' dir='ltr'><strong>vixi</strong></span> <span class='ocrx_word' id='word_1_31' title='bbox 493 1037 659 1114; x_wconf 89' lang='lat' dir='ltr'><strong>Lucrinis,</strong></span> <span class='ocrx_word' id='word_1_32' title='bbox 684 1039 803 1122; x_wconf 89' lang='lat' dir='ltr'><strong>potabi</strong></span> <span class='ocrx_word' id='word_1_33' title='bbox 826 1059 928 1122; x_wconf 87' lang='lat' dir='ltr'>saepe</span> <span class='ocrx_word' id='word_1_34' title='bbox 955 1037 1149 1113; x_wconf 90' lang='lat' dir='ltr'><strong>Falernum,</strong></span> 
     </span>
     <span class='ocr_line' id='line_1_7' title="bbox 401 1155 1282 1243; baseline 0.003 -24"><span class='ocrx_word' id='word_1_35' title='bbox 401 1155 515 1221; x_wconf 87' lang='lat' dir='ltr'><strong>balnia</strong></span> <span class='ocrx_word' id='word_1_36' title='bbox 533 1157 612 1221; x_wconf 90' lang='lat' dir='ltr'><strong>vina</strong></span> <span class='ocrx_word' id='word_1_37' title='bbox 626 1159 744 1222; x_wconf 92' lang='lat' dir='ltr'><strong>Venus</strong></span> <span class='ocrx_word' id='word_1_38' title='bbox 758 1180 891 1223; x_wconf 90' lang='lat' dir='ltr'><strong>mecum</strong></span> <span class='ocrx_word' id='word_1_39' title='bbox 903 1179 1044 1222; x_wconf 91' lang='lat' dir='ltr'><strong>senuere</strong></span> <span class='ocrx_word' id='word_1_40' title='bbox 1057 1179 1118 1242; x_wconf 86' lang='lat' dir='ltr'><strong>per</strong></span> <span class='ocrx_word' id='word_1_41' title='bbox 1131 1157 1282 1243; x_wconf 74' lang='lat' dir='ltr'><strong>annos2).</strong></span> 
     </span>
     <span class='ocr_line' id='line_1_8' title="bbox 134 1272 1227 1363; baseline 0.005 -28"><span class='ocrx_word' id='word_1_42' title='bbox 134 1272 175 1336; x_wconf 87' lang='lat' dir='ltr'><strong>cf.</strong></span> <span class='ocrx_word' id='word_1_43' title='bbox 201 1273 304 1337; x_wconf 90' lang='lat' dir='ltr'><strong>etiam</strong></span> <span class='ocrx_word' id='word_1_44' title='bbox 329 1275 410 1338; x_wconf 91' lang='lat' dir='ltr'><strong>Bch.</strong></span> <span class='ocrx_word' id='word_1_45' title='bbox 436 1290 486 1362; x_wconf 80' lang='lat'><strong>57,</strong></span> <span class='ocrx_word' id='word_1_46' title='bbox 515 1290 577 1359; x_wconf 84' lang='lat'><strong>512</strong></span> <span class='ocrx_word' id='word_1_47' title='bbox 602 1286 637 1341; x_wconf 90' lang='lat' dir='ltr'><strong>et</strong></span> <span class='ocrx_word' id='word_1_48' title='bbox 662 1279 687 1342; x_wconf 92' lang='lat' dir='ltr'><strong>I.</strong></span> <span class='ocrx_word' id='word_1_49' title='bbox 713 1278 753 1343; x_wconf 92' lang='lat' dir='ltr'><strong>G.</strong></span> <span class='ocrx_word' id='word_1_50' title='bbox 780 1279 821 1342; x_wconf 92' lang='lat' dir='ltr'><strong>R.</strong></span> <span class='ocrx_word' id='word_1_51' title='bbox 845 1278 924 1342; x_wconf 85' lang='lat' dir='ltr'><strong>fasc.</strong></span> <span class='ocrx_word' id='word_1_52' title='bbox 951 1279 984 1342; x_wconf 96' lang='lat' dir='ltr'><strong>II</strong></span> <span class='ocrx_word' id='word_1_53' title='bbox 1009 1277 1119 1362; x_wconf 81' lang='lat'>(1903)</span> <span class='ocrx_word' id='word_1_54' title='bbox 1146 1294 1227 1363; x_wconf 87' lang='lat'>307:</span> 
     </span>
     <span class='ocr_line' id='line_1_9' title="bbox 222 1392 1169 1479; baseline 0.004 -23"><span class='ocrx_word' id='word_1_55' title='bbox 222 1392 425 1473; x_wconf 66' lang='grc' dir='ltr'><em>Εὐφρααθεὶς</em></span> <span class='ocrx_word' id='word_1_56' title='bbox 450 1402 601 1477; x_wconf 78' lang='grc' dir='ltr'><em>συνεχῶς,</em></span> <span class='ocrx_word' id='word_1_57' title='bbox 627 1396 774 1476; x_wconf 74' lang='grc' dir='ltr'><em>γελασας</em></span> <span class='ocrx_word' id='word_1_58' title='bbox 800 1397 919 1476; x_wconf 78' lang='grc' dir='ltr'><em>παίξας</em></span> <span class='ocrx_word' id='word_1_59' title='bbox 944 1421 981 1461; x_wconf 81' lang='grc' dir='ltr'><strong>σε</strong></span> <span class='ocrx_word' id='word_1_60' title='bbox 1004 1397 1169 1479; x_wconf 70' lang='grc' dir='ltr'><em>τρυφήσας</em></span> 
     </span>
     <span class='ocr_line' id='line_1_10' title="bbox 223 1513 1055 1600; baseline 0.01 -24"><span class='ocrx_word' id='word_1_61' title='bbox 223 1513 276 1577; x_wconf 77' lang='grc' dir='ltr'><strong>καὶ</strong></span> <span class='ocrx_word' id='word_1_62' title='bbox 301 1514 411 1595; x_wconf 61' lang='grc' dir='ltr'><strong>ψυχὴν</strong></span> <span class='ocrx_word' id='word_1_63' title='bbox 434 1516 546 1598; x_wconf 79' lang='grc' dir='ltr'><em>ἱλαρῶς</em></span> <span class='ocrx_word' id='word_1_64' title='bbox 572 1515 698 1582; x_wconf 74' lang='grc' dir='ltr'><strong><em>πάντων</em></strong></span> <span class='ocrx_word' id='word_1_65' title='bbox 722 1518 842 1600; x_wconf 79' lang='grc' dir='ltr'><em>τέρψας</em></span> <span class='ocrx_word' id='word_1_66' title='bbox 867 1521 899 1584; x_wconf 84' lang='grc' dir='ltr'><strong>ἐν</strong></span> <span class='ocrx_word' id='word_1_67' title='bbox 923 1518 1055 1591; x_wconf 65' lang='lat' dir='ltr'><strong>decinis.</strong></span> 
     </span>
     <span class='ocr_line' id='line_1_11' title="bbox 223 1633 1049 1720; baseline 0.011 -23"><span class='ocrx_word' id='word_1_68' title='bbox 223 1633 330 1699; x_wconf 81' lang='grc' dir='ltr'><strong>οὐδένα</strong></span> <span class='ocrx_word' id='word_1_69' title='bbox 354 1637 513 1711; x_wconf 74' lang='grc' dir='ltr'><em>λυπήσας,</em></span> <span class='ocrx_word' id='word_1_70' title='bbox 540 1639 574 1703; x_wconf 80' lang='grc' dir='ltr'><strong><em>σύ</em></strong></span> <span class='ocrx_word' id='word_1_71' title='bbox 599 1637 721 1719; x_wconf 76' lang='grc' dir='ltr'><strong>λοίδσρα</strong></span> <span class='ocrx_word' id='word_1_72' title='bbox 744 1638 874 1720; x_wconf 69' lang='grc' dir='ltr'><em>ῥήματα</em></span> <span class='ocrx_word' id='word_1_73' title='bbox 901 1637 1049 1719; x_wconf 74' lang='grc' dir='ltr'><em>πέμψας,</em></span> 
     </span>
     <span class='ocr_line' id='line_1_12' title="bbox 744 1757 1002 1837; baseline 0.004 -14"><span class='ocrx_word' id='word_1_74' title='bbox 744 1757 858 1825; x_wconf 71' lang='grc' dir='ltr'>ἐνθάδε</span> <span class='ocrx_word' id='word_1_75' title='bbox 882 1766 1002 1837; x_wconf 79' lang='grc' dir='ltr'><strong>κεῖμαι.</strong></span> 
     </span>
    </p>
   </div>
   <div class='ocr_carea' id='block_1_3' title="bbox 100 1996 1295 4130">
    <p class='ocr_par' dir='ltr' id='par_1_3' title="bbox 100 1996 1295 4130">
     <span class='ocr_line' id='line_1_13' title="bbox 138 1996 1283 2082; baseline 0 -23"><span class='ocrx_word' id='word_1_76' title='bbox 138 1996 219 2060; x_wconf 91' lang='grc' dir='ltr'><strong>Βοὴ.</strong></span> <span class='ocrx_word' id='word_1_77' title='bbox 231 2014 311 2080; x_wconf 83' lang='lat'>243:</span> <span class='ocrx_word' id='word_1_78' title='bbox 374 1999 464 2063; x_wconf 90' lang='lat' dir='ltr'><strong>Dum</strong></span> <span class='ocrx_word' id='word_1_79' title='bbox 489 2000 559 2064; x_wconf 88' lang='lat' dir='ltr'><strong>vixi</strong></span> <span class='ocrx_word' id='word_1_80' title='bbox 583 2000 655 2065; x_wconf 95' lang='lat' dir='ltr'><strong>bibi</strong></span> <span class='ocrx_word' id='word_1_81' title='bbox 679 2000 835 2065; x_wconf 85' lang='lat' dir='ltr'><strong>libenter.</strong></span> <span class='ocrx_word' id='word_1_82' title='bbox 861 2000 969 2064; x_wconf 91' lang='lat' dir='ltr'><strong>bibite</strong></span> <span class='ocrx_word' id='word_1_83' title='bbox 993 2020 1054 2063; x_wconf 91' lang='lat' dir='ltr'><strong>vos</strong></span> <span class='ocrx_word' id='word_1_84' title='bbox 1077 1999 1135 2082; x_wconf 92' lang='lat' dir='ltr'><strong>qui</strong></span> <span class='ocrx_word' id='word_1_85' title='bbox 1160 1997 1283 2063; x_wconf 88' lang='lat' dir='ltr'><strong>vivitis.</strong></span> 
     </span>
     <span class='ocr_line' id='line_1_14' title="bbox 138 2117 1130 2202; baseline 0.001 -21"><span class='ocrx_word' id='word_1_86' title='bbox 138 2117 321 2202; x_wconf 84' lang='lat' dir='ltr'><strong>Bch.76.5:</strong></span> <span class='ocrx_word' id='word_1_87' title='bbox 368 2118 491 2184; x_wconf 89' lang='lat' dir='ltr'><strong>Valete</strong></span> <span class='ocrx_word' id='word_1_88' title='bbox 516 2130 550 2185; x_wconf 92' lang='lat' dir='ltr'><strong>et</strong></span> <span class='ocrx_word' id='word_1_89' title='bbox 575 2121 663 2185; x_wconf 91' lang='lat' dir='ltr'><strong>bene</strong></span> <span class='ocrx_word' id='word_1_90' title='bbox 687 2122 788 2185; x_wconf 81' lang='lat' dir='ltr'><strong>facite</strong></span> <span class='ocrx_word' id='word_1_91' title='bbox 812 2121 910 2185; x_wconf 91' lang='lat' dir='ltr'><strong>vobis</strong></span> <span class='ocrx_word' id='word_1_92' title='bbox 934 2122 1014 2184; x_wconf 94' lang='lat' dir='ltr'><strong>dum</strong></span> <span class='ocrx_word' id='word_1_93' title='bbox 1039 2119 1130 2183; x_wconf 88' lang='lat' dir='ltr'><strong>licet.</strong></span> 
     </span>
     <span class='ocr_line' id='line_1_15' title="bbox 183 2238 597 2324; baseline 0.01 -23"><span class='ocrx_word' id='word_1_94' title='bbox 183 2238 278 2303; x_wconf 87' lang='lat' dir='ltr'>Idem</span> <span class='ocrx_word' id='word_1_95' title='bbox 303 2239 373 2304; x_wconf 86' lang='lat' dir='ltr'><strong>fere</strong></span> <span class='ocrx_word' id='word_1_96' title='bbox 397 2240 478 2304; x_wconf 93' lang='grc' dir='ltr'><strong>Βοὴ.</strong></span> <span class='ocrx_word' id='word_1_97' title='bbox 504 2242 597 2324; x_wconf 88' lang='lat'>77.6:</span> 
     </span>
     <span class='ocr_line' id='line_1_16' title="bbox 371 2358 1236 2439; baseline -0.003 -15"><span class='ocrx_word' id='word_1_98' title='bbox 371 2361 446 2424; x_wconf 86' lang='lat' dir='ltr'><strong>vale</strong></span> <span class='ocrx_word' id='word_1_99' title='bbox 471 2369 505 2425; x_wconf 92' lang='lat' dir='ltr'><strong>et</strong></span> <span class='ocrx_word' id='word_1_100' title='bbox 529 2361 617 2426; x_wconf 91' lang='lat' dir='ltr'><strong>bene</strong></span> <span class='ocrx_word' id='word_1_101' title='bbox 641 2361 744 2426; x_wconf 86' lang='lat' dir='ltr'><strong>facito</strong></span> <span class='ocrx_word' id='word_1_102' title='bbox 769 2362 871 2439; x_wconf 87' lang='lat' dir='ltr'><strong>vitae,</strong></span> <span class='ocrx_word' id='word_1_103' title='bbox 895 2362 976 2425; x_wconf 91' lang='lat' dir='ltr'><strong>dum</strong></span> <span class='ocrx_word' id='word_1_104' title='bbox 1001 2359 1109 2424; x_wconf 83' lang='lat' dir='ltr'><strong>latum</strong></span> <span class='ocrx_word' id='word_1_105' title='bbox 1133 2358 1236 2422; x_wconf 91' lang='lat' dir='ltr'><strong>venit.</strong></span> 
     </span>
     <span class='ocr_line' id='line_1_17' title="bbox 184 2479 433 2562; baseline 0.004 -19"><span class='ocrx_word' id='word_1_106' title='bbox 184 2479 226 2543; x_wconf 87' lang='lat' dir='ltr'><strong>cs.</strong></span> <span class='ocrx_word' id='word_1_107' title='bbox 250 2480 332 2544; x_wconf 93' lang='grc' dir='ltr'><strong>Βοὴ.</strong></span> <span class='ocrx_word' id='word_1_108' title='bbox 362 2499 433 2562; x_wconf 80' lang='grc'><strong>141.</strong></span> 
     </span>
     <span class='ocr_line' id='line_1_18' title="bbox 139 2599 1287 2683; baseline -0.002 -20"><span class='ocrx_word' id='word_1_109' title='bbox 139 2599 220 2663; x_wconf 93' lang='grc' dir='ltr'><strong>Βοὴ.</strong></span> <span class='ocrx_word' id='word_1_110' title='bbox 235 2601 328 2683; x_wconf 78' lang='grc'><strong>85.3;</strong></span> <span class='ocrx_word' id='word_1_111' title='bbox 371 2602 501 2679; x_wconf 83' lang='lat' dir='ltr'><strong>ioceris,</strong></span> <span class='ocrx_word' id='word_1_112' title='bbox 525 2601 621 2666; x_wconf 90' lang='lat' dir='ltr'><strong>ludas</strong></span> <span class='ocrx_word' id='word_1_113' title='bbox 646 2601 779 2666; x_wconf 91' lang='lat' dir='ltr'><strong>hortor:</strong></span> <span class='ocrx_word' id='word_1_114' title='bbox 803 2602 858 2666; x_wconf 92' lang='lat' dir='ltr'><strong>hic</strong></span> <span class='ocrx_word' id='word_1_115' title='bbox 882 2621 1016 2665; x_wconf 91' lang='lat' dir='ltr'><strong>summa</strong></span> <span class='ocrx_word' id='word_1_116' title='bbox 1038 2608 1090 2663; x_wconf 91' lang='lat' dir='ltr'><strong>est</strong></span> <span class='ocrx_word' id='word_1_117' title='bbox 1113 2599 1287 2663; x_wconf 88' lang='lat' dir='ltr'><strong>severitas.</strong></span> 
     </span>
     <span class='ocr_line' id='line_1_19' title="bbox 139 2717 1287 2806; baseline -0.001 -23"><span class='ocrx_word' id='word_1_118' title='bbox 139 2720 350 2804; x_wconf 84' lang='lat' dir='ltr'><strong>Bch.185.2:</strong></span> <span class='ocrx_word' id='word_1_119' title='bbox 376 2724 453 2787; x_wconf 91' lang='lat' dir='ltr'><strong>vive</strong></span> <span class='ocrx_word' id='word_1_120' title='bbox 478 2724 609 2787; x_wconf 92' lang='lat' dir='ltr'><strong>indies</strong></span> <span class='ocrx_word' id='word_1_121' title='bbox 634 2731 668 2786; x_wconf 91' lang='lat' dir='ltr'><strong>et</strong></span> <span class='ocrx_word' id='word_1_122' title='bbox 692 2723 803 2800; x_wconf 86' lang='lat' dir='ltr'><strong>horas,</strong></span> <span class='ocrx_word' id='word_1_123' title='bbox 828 2744 907 2786; x_wconf 87' lang='lat' dir='ltr'><strong>nam</strong></span> <span class='ocrx_word' id='word_1_124' title='bbox 931 2723 1107 2806; x_wconf 87' lang='lat' dir='ltr'><strong>proprium</strong></span> <span class='ocrx_word' id='word_1_125' title='bbox 1130 2717 1287 2784; x_wconf 88' lang='lat' dir='ltr'><strong>estnihil.</strong></span> 
     </span>
     <span class='ocr_line' id='line_1_20' title="bbox 140 2839 1286 2928; baseline -0.003 -24"><span class='ocrx_word' id='word_1_126' title='bbox 140 2841 221 2905; x_wconf 91' lang='lat' dir='ltr'><strong>Bch.</strong></span> <span class='ocrx_word' id='word_1_127' title='bbox 240 2842 316 2926; x_wconf 90' lang='lat'>189:</span> <span class='ocrx_word' id='word_1_128' title='bbox 374 2842 410 2908; x_wconf 93' lang='lat' dir='ltr'><strong>Si</strong></span> <span class='ocrx_word' id='word_1_129' title='bbox 434 2844 508 2926; x_wconf 90' lang='lat' dir='ltr'><strong>quit</strong></span> <span class='ocrx_word' id='word_1_130' title='bbox 533 2843 584 2907; x_wconf 93' lang='lat' dir='ltr'><strong>bis</strong></span> <span class='ocrx_word' id='word_1_131' title='bbox 608 2843 686 2927; x_wconf 76' lang='lat' dir='ltr'><strong>(ie.</strong></span> <span class='ocrx_word' id='word_1_132' title='bbox 711 2843 772 2928; x_wconf 90' lang='lat' dir='ltr'><strong>vis)</strong></span> <span class='ocrx_word' id='word_1_133' title='bbox 797 2843 919 2919; x_wconf 86' lang='lat' dir='ltr'><strong>facere,</strong></span> <span class='ocrx_word' id='word_1_134' title='bbox 943 2851 978 2906; x_wconf 91' lang='lat' dir='ltr'><strong>te</strong></span> <span class='ocrx_word' id='word_1_135' title='bbox 999 2841 1081 2906; x_wconf 96' lang='lat' dir='ltr'><strong>bibo</strong></span> <span class='ocrx_word' id='word_1_136' title='bbox 1099 2841 1174 2925; x_wconf 77' lang='lat' dir='ltr'><strong>(ie.</strong></span> <span class='ocrx_word' id='word_1_137' title='bbox 1196 2839 1286 2922; x_wconf 89' lang='lat' dir='ltr'><strong>vivo)</strong></span> 
     </span>
     <span class='ocr_line' id='line_1_21' title="bbox 998 2959 1241 3050; baseline -0.021 -24"><span class='ocrx_word' id='word_1_138' title='bbox 998 2960 1063 3050; x_wconf 86' lang='lat' dir='ltr'>[fac</span> <span class='ocrx_word' id='word_1_139' title='bbox 1088 2959 1241 3024; x_wconf 89' lang='lat' dir='ltr'><strong>dulciter.</strong></span> 
     </span>
     <span class='ocr_line' id='line_1_22' title="bbox 141 3081 1135 3166; baseline 0 -22"><span class='ocrx_word' id='word_1_140' title='bbox 141 3081 222 3144; x_wconf 91' lang='lat' dir='ltr'><strong>Bch.</strong></span> <span class='ocrx_word' id='word_1_141' title='bbox 251 3099 327 3165; x_wconf 87' lang='lat'>190:</span> <span class='ocrx_word' id='word_1_142' title='bbox 375 3082 506 3149; x_wconf 88' lang='lat' dir='ltr'><strong>Adeste</strong></span> <span class='ocrx_word' id='word_1_143' title='bbox 530 3084 639 3160; x_wconf 84' lang='lat' dir='ltr'><strong>amici,</strong></span> <span class='ocrx_word' id='word_1_144' title='bbox 665 3083 815 3148; x_wconf 85' lang='lat' dir='ltr'><strong>fruamur</strong></span> <span class='ocrx_word' id='word_1_145' title='bbox 836 3092 973 3166; x_wconf 91' lang='lat' dir='ltr'><strong>tempus</strong></span> <span class='ocrx_word' id='word_1_146' title='bbox 997 3082 1135 3158; x_wconf 87' lang='lat' dir='ltr'><strong>bonum,</strong></span> 
     </span>
     <span class='ocr_line' id='line_1_23' title="bbox 374 3203 1144 3287; baseline -0.003 -21"><span class='ocrx_word' id='word_1_147' title='bbox 374 3203 551 3286; x_wconf 90' lang='lat' dir='ltr'><strong>epulemur</strong></span> <span class='ocrx_word' id='word_1_148' title='bbox 573 3203 664 3280; x_wconf 88' lang='lat' dir='ltr'><strong>laeti,</strong></span> <span class='ocrx_word' id='word_1_149' title='bbox 690 3205 760 3268; x_wconf 84' lang='lat' dir='ltr'><strong>vita</strong></span> <span class='ocrx_word' id='word_1_150' title='bbox 782 3205 863 3268; x_wconf 90' lang='lat' dir='ltr'><strong>dum</strong></span> <span class='ocrx_word' id='word_1_151' title='bbox 888 3222 994 3287; x_wconf 89' lang='lat' dir='ltr'><strong>parva</strong></span> <span class='ocrx_word' id='word_1_152' title='bbox 1017 3207 1144 3277; x_wconf 88' lang='lat' dir='ltr'><strong>manet,</strong></span> 
     </span>
     <span class='ocr_line' id='line_1_24' title="bbox 377 3322 1150 3400; baseline -0.005 -13"><span class='ocrx_word' id='word_1_153' title='bbox 377 3324 512 3387; x_wconf 92' lang='lat' dir='ltr'><strong>Baccho</strong></span> <span class='ocrx_word' id='word_1_154' title='bbox 536 3325 725 3400; x_wconf 88' lang='lat' dir='ltr'><strong>madentes,</strong></span> <span class='ocrx_word' id='word_1_155' title='bbox 751 3323 865 3388; x_wconf 90' lang='lat' dir='ltr'><strong>hilaris</strong></span> <span class='ocrx_word' id='word_1_156' title='bbox 888 3324 933 3387; x_wconf 91' lang='lat' dir='ltr'><strong>sit</strong></span> <span class='ocrx_word' id='word_1_157' title='bbox 956 3322 1150 3386; x_wconf 89' lang='lat' dir='ltr'><strong>concordia.</strong></span> 
     </span>
     <span class='ocr_line' id='line_1_25' title="bbox 374 3443 1163 3517; baseline -0.004 -10"><span class='ocrx_word' id='word_1_158' title='bbox 374 3445 496 3508; x_wconf 90' lang='lat' dir='ltr'><strong>eadem</strong></span> <span class='ocrx_word' id='word_1_159' title='bbox 520 3444 673 3509; x_wconf 88' lang='lat' dir='ltr'><strong>fecerunt</strong></span> <span class='ocrx_word' id='word_1_160' title='bbox 697 3445 731 3508; x_wconf 93' lang='lat' dir='ltr'><strong>hi</strong></span> <span class='ocrx_word' id='word_1_161' title='bbox 756 3445 870 3507; x_wconf 90' lang='lat' dir='ltr'><strong>cuncti</strong></span> <span class='ocrx_word' id='word_1_162' title='bbox 895 3464 972 3507; x_wconf 91' lang='lat' dir='ltr'><strong>cum</strong></span> <span class='ocrx_word' id='word_1_163' title='bbox 997 3443 1163 3517; x_wconf 91' lang='lat' dir='ltr'><strong>viverent,</strong></span> 
     </span>
     <span class='ocr_line' id='line_1_26' title="bbox 375 3559 1295 3650; baseline -0.002 -23"><span class='ocrx_word' id='word_1_164' title='bbox 375 3565 554 3642; x_wconf 90' lang='lat' dir='ltr'><strong>dederunt,</strong></span> <span class='ocrx_word' id='word_1_165' title='bbox 575 3574 791 3650; x_wconf 88' lang='lat' dir='ltr'><strong>acceperunt,</strong></span> <span class='ocrx_word' id='word_1_166' title='bbox 806 3566 887 3629; x_wconf 93' lang='lat' dir='ltr'><strong>dum</strong></span> <span class='ocrx_word' id='word_1_167' title='bbox 901 3572 1024 3640; x_wconf 88' lang='lat' dir='ltr'><strong>essent,</strong></span> <span class='ocrx_word' id='word_1_168' title='bbox 1038 3563 1154 3626; x_wconf 86' lang='lat' dir='ltr'><strong>fruniti</strong></span> <span class='ocrx_word' id='word_1_169' title='bbox 1167 3569 1256 3626; x_wconf 91' lang='lat' dir='ltr'><strong>sunt.</strong></span> <span class='ocrx_word' id='word_1_170' title='bbox 1271 3559 1295 3645; x_wconf 84' lang='lat'><strong>³)</strong></span> 
     </span>
     <span class='ocr_line' id='line_1_27' title="bbox 377 3687 1135 3770; baseline -0.003 -22"><span class='ocrx_word' id='word_1_171' title='bbox 377 3694 411 3749; x_wconf 91' lang='lat' dir='ltr'><strong>et</strong></span> <span class='ocrx_word' id='word_1_172' title='bbox 435 3707 498 3750; x_wconf 94' lang='lat' dir='ltr'><strong>nos</strong></span> <span class='ocrx_word' id='word_1_173' title='bbox 520 3687 739 3770; x_wconf 90' lang='lat' dir='ltr'><strong>antiquorum</strong></span> <span class='ocrx_word' id='word_1_174' title='bbox 763 3687 944 3750; x_wconf 91' lang='lat' dir='ltr'><strong>emitemur</strong></span> <span class='ocrx_word' id='word_1_175' title='bbox 968 3693 1135 3767; x_wconf 86' lang='lat' dir='ltr'><strong>tempora.</strong></span> 
     </span>
     <span class='ocr_line' id='line_1_28' title="bbox 377 3803 1224 3890; baseline -0.005 -21"><span class='ocrx_word' id='word_1_176' title='bbox 377 3807 454 3870; x_wconf 91' lang='lat' dir='ltr'><strong>vive</strong></span> <span class='ocrx_word' id='word_1_177' title='bbox 478 3808 560 3871; x_wconf 92' lang='lat' dir='ltr'><strong>dum</strong></span> <span class='ocrx_word' id='word_1_178' title='bbox 583 3808 678 3882; x_wconf 93' lang='lat' dir='ltr'><strong>vivis,</strong></span> <span class='ocrx_word' id='word_1_179' title='bbox 704 3828 767 3870; x_wconf 89' lang='lat' dir='ltr'><strong>nec</strong></span> <span class='ocrx_word' id='word_1_180' title='bbox 791 3808 978 3890; x_wconf 88' lang='lat' dir='ltr'><strong>quidquam</strong></span> <span class='ocrx_word' id='word_1_181' title='bbox 1002 3803 1224 3887; x_wconf 84' lang='lat' dir='ltr'><strong>denegaveris</strong></span> 
     </span>
     <span class='ocr_line' id='line_1_29' title="bbox 376 3925 1201 4010; baseline -0.005 -21"><span class='ocrx_word' id='word_1_182' title='bbox 376 3927 491 3990; x_wconf 90' lang='lat' dir='ltr'><strong>animo</strong></span> <span class='ocrx_word' id='word_1_183' title='bbox 515 3928 701 4010; x_wconf 87' lang='lat' dir='ltr'><strong>indulgere,</strong></span> <span class='ocrx_word' id='word_1_184' title='bbox 726 3948 828 4010; x_wconf 90' lang='lat' dir='ltr'><strong>quem</strong></span> <span class='ocrx_word' id='word_1_185' title='bbox 851 3925 1084 3991; x_wconf 88' lang='lat' dir='ltr'><strong>commodavit</strong></span> <span class='ocrx_word' id='word_1_186' title='bbox 1107 3925 1201 3989; x_wconf 90' lang='lat' dir='ltr'><strong>deus.</strong></span> 
     </span>
     <span class='ocr_line' id='line_1_30' title="bbox 100 4032 734 4130; baseline -0.002 -19"><span class='ocrx_word' id='word_1_187' title='bbox 100 4032 103 4037; x_wconf 49' lang='grc'><strong>’</strong></span> <span class='ocrx_word' id='word_1_188' title='bbox 145 4043 415 4130; x_wconf 82' lang='lat' dir='ltr'><strong>Bch.15oo⁴):es</strong></span> <span class='ocrx_word' id='word_1_189' title='bbox 438 4047 518 4111; x_wconf 94' lang='lat' dir='ltr'><strong>bibe</strong></span> <span class='ocrx_word' id='word_1_190' title='bbox 542 4047 621 4112; x_wconf 92' lang='lat' dir='ltr'><strong>lude</strong></span> <span class='ocrx_word' id='word_1_191' title='bbox 645 4050 734 4112; x_wconf 91' lang='lat' dir='ltr'><strong>veni.</strong></span> 
     </span>
    </p>
   </div>
   <div class='ocr_carea' id='block_1_4' title="bbox 166 4207 360 4220">
    <p class='ocr_par' dir='ltr' id='par_1_4' title="bbox 166 4207 360 4220">
     <span class='ocr_line' id='line_1_31' title="bbox 166 4207 360 4220; baseline 0 -2"><span class='ocrx_word' id='word_1_192' title='bbox 166 4207 360 4220; x_wconf 38' lang='lat' dir='ltr'><em>Q</em></span> 
     </span>
    </p>
   </div>
   <div class='ocr_carea' id='block_1_5' title="bbox 149 4271 1300 4859">
    <p class='ocr_par' dir='ltr' id='par_1_5' title="bbox 179 4271 547 4339">
     <span class='ocr_line' id='line_1_32' title="bbox 179 4271 547 4339; baseline -0.005 -16"><span class='ocrx_word' id='word_1_193' title='bbox 179 4271 205 4339; x_wconf 89' lang='lat'><strong>1)</strong></span> <span class='ocrx_word' id='word_1_194' title='bbox 223 4272 257 4322; x_wconf 84' lang='lat' dir='ltr'><strong>cf.</strong></span> <span class='ocrx_word' id='word_1_195' title='bbox 276 4272 374 4322; x_wconf 88' lang='lat' dir='ltr'><strong>Plessis</strong></span> <span class='ocrx_word' id='word_1_196' title='bbox 393 4271 437 4323; x_wconf 95' lang='lat' dir='ltr'><strong>l.l.</strong></span> <span class='ocrx_word' id='word_1_197' title='bbox 457 4288 484 4338; x_wconf 88' lang='lat' dir='ltr'><strong>p.</strong></span> <span class='ocrx_word' id='word_1_198' title='bbox 503 4272 547 4321; x_wconf 90' lang='lat'><strong>26.</strong></span> 
     </span>
    </p>

    <p class='ocr_par' dir='ltr' id='par_1_6' title="bbox 177 4357 686 4426">
     <span class='ocr_line' id='line_1_33' title="bbox 177 4357 686 4426; baseline -0.004 -16"><span class='ocrx_word' id='word_1_199' title='bbox 177 4358 205 4426; x_wconf 87' lang='lat'><strong>2)</strong></span> <span class='ocrx_word' id='word_1_200' title='bbox 224 4359 258 4410; x_wconf 85' lang='lat' dir='ltr'><strong>cf.</strong></span> <span class='ocrx_word' id='word_1_201' title='bbox 277 4358 340 4410; x_wconf 86' lang='lat' dir='ltr'><strong>Bch.</strong></span> <span class='ocrx_word' id='word_1_202' title='bbox 364 4371 431 4423; x_wconf 88' lang='lat'>1499</span> <span class='ocrx_word' id='word_1_203' title='bbox 445 4382 470 4403; x_wconf 90' lang='lat'><em>=</em></span> <span class='ocrx_word' id='word_1_204' title='bbox 484 4359 587 4409; x_wconf 87' lang='lat' dir='ltr'><strong>Dessau</strong></span> <span class='ocrx_word' id='word_1_205' title='bbox 607 4357 686 4423; x_wconf 78' lang='lat'><strong>8157.</strong></span> 
     </span>
    </p>

    <p class='ocr_par' dir='ltr' id='par_1_7' title="bbox 149 4440 1300 4598">
     <span class='ocr_line' id='line_1_34' title="bbox 178 4440 1300 4513; baseline -0.007 -16"><span class='ocrx_word' id='word_1_206' title='bbox 178 4445 207 4513; x_wconf 86' lang='lat'><strong>3)</strong></span> <span class='ocrx_word' id='word_1_207' title='bbox 225 4463 240 4507; x_wconf 83' lang='lat' dir='ltr'><strong>¹u</strong></span> <span class='ocrx_word' id='word_1_208' title='bbox 263 4447 344 4496; x_wconf 88' lang='lat' dir='ltr'><strong>verbo</strong></span> <span class='ocrx_word' id='word_1_209' title='bbox 367 4446 495 4496; x_wconf 86' lang='lat' dir='ltr'><strong>fruniscor</strong></span> <span class='ocrx_word' id='word_1_210' title='bbox 508 4466 532 4487; x_wconf 93' lang='lat'>=</span> <span class='ocrx_word' id='word_1_211' title='bbox 546 4446 625 4496; x_wconf 83' lang='lat' dir='ltr'><strong>fruor.</strong></span> <span class='ocrx_word' id='word_1_212' title='bbox 650 4445 683 4496; x_wconf 84' lang='lat' dir='ltr'><strong>cf.</strong></span> <span class='ocrx_word' id='word_1_213' title='bbox 711 4444 807 4510; x_wconf 87' lang='lat' dir='ltr'><strong>Georg.</strong></span> <span class='ocrx_word' id='word_1_214' title='bbox 826 4445 884 4495; x_wconf 86' lang='lat' dir='ltr'><strong>Lat.</strong></span> <span class='ocrx_word' id='word_1_215' title='bbox 903 4442 992 4493; x_wconf 84' lang='lat' dir='ltr'><strong>Lexic.</strong></span> <span class='ocrx_word' id='word_1_216' title='bbox 1012 4447 1039 4492; x_wconf 90' lang='lat' dir='ltr'><strong>et</strong></span> <span class='ocrx_word' id='word_1_217' title='bbox 1057 4441 1140 4509; x_wconf 82' lang='lat' dir='ltr'><strong>Neue,</strong></span> <span class='ocrx_word' id='word_1_218' title='bbox 1159 4441 1217 4490; x_wconf 82' lang='lat' dir='ltr'><strong>Lat.</strong></span> <span class='ocrx_word' id='word_1_219' title='bbox 1237 4440 1300 4490; x_wconf 91' lang='lat' dir='ltr'><strong>For·</strong></span> 
     </span>
     <span class='ocr_line' id='line_1_35' title="bbox 149 4532 439 4598; baseline -0.003 -15"><span class='ocrx_word' id='word_1_220' title='bbox 149 4532 282 4583; x_wconf 87' lang='lat' dir='ltr'><strong>menlehre</strong></span> <span class='ocrx_word' id='word_1_221' title='bbox 301 4533 359 4582; x_wconf 79' lang='lat'><strong>111³</strong></span> <span class='ocrx_word' id='word_1_222' title='bbox 379 4542 439 4598; x_wconf 78' lang='lat'><strong>570.</strong></span> 
     </span>
    </p>

    <p class='ocr_par' dir='ltr' id='par_1_8' title="bbox 149 4613 1299 4859">
     <span class='ocr_line' id='line_1_36' title="bbox 178 4613 1299 4686; baseline -0.006 -15"><span class='ocrx_word' id='word_1_223' title='bbox 178 4618 208 4686; x_wconf 94' lang='lat'><strong>4)</strong></span> <span class='ocrx_word' id='word_1_224' title='bbox 225 4620 259 4670; x_wconf 85' lang='lat' dir='ltr'><strong>ef.</strong></span> <span class='ocrx_word' id='word_1_225' title='bbox 278 4620 341 4670; x_wconf 91' lang='lat' dir='ltr'><strong>Bch.</strong></span> <span class='ocrx_word' id='word_1_226' title='bbox 364 4630 430 4684; x_wconf 86' lang='lat'>1317</span> <span class='ocrx_word' id='word_1_227' title='bbox 450 4634 517 4685; x_wconf 87' lang='lat' dir='ltr'><strong>quae</strong></span> <span class='ocrx_word' id='word_1_228' title='bbox 537 4619 697 4684; x_wconf 83' lang='lat' dir='ltr'><strong>praecedunt</strong></span> <span class='ocrx_word' id='word_1_229' title='bbox 716 4624 743 4669; x_wconf 86' lang='lat' dir='ltr'><strong>et</strong></span> <span class='ocrx_word' id='word_1_230' title='bbox 762 4618 893 4684; x_wconf 83' lang='lat' dir='ltr'><strong>Orpheus,</strong></span> <span class='ocrx_word' id='word_1_231' title='bbox 913 4615 1149 4681; x_wconf 85' lang='lat' dir='ltr'><strong>Untersuchungen</strong></span> <span class='ocrx_word' id='word_1_232' title='bbox 1165 4630 1209 4665; x_wconf 81' lang='lat' dir='ltr'><strong>zur</strong></span> <span class='ocrx_word' id='word_1_233' title='bbox 1225 4613 1299 4664; x_wconf 89' lang='lat' dir='ltr'><strong>Grie·</strong></span> 
     </span>
     <span class='ocr_line' id='line_1_37' title="bbox 149 4701 1297 4774; baseline -0.004 -17"><span class='ocrx_word' id='word_1_234' title='bbox 149 4706 282 4774; x_wconf 80' lang='lat' dir='ltr'><strong>chischen,</strong></span> <span class='ocrx_word' id='word_1_235' title='bbox 292 4707 461 4774; x_wconf 76' lang='lat' dir='ltr'><strong>Rbmischen,</strong></span> <span class='ocrx_word' id='word_1_236' title='bbox 468 4706 684 4757; x_wconf 88' lang='lat' dir='ltr'><strong>Altchristlichen</strong></span> <span class='ocrx_word' id='word_1_237' title='bbox 691 4706 936 4772; x_wconf 85' lang='lat' dir='ltr'><strong>Jenseitsdichtung</strong></span> <span class='ocrx_word' id='word_1_238' title='bbox 945 4703 1000 4754; x_wconf 91' lang='lat' dir='ltr'><strong>und</strong></span> <span class='ocrx_word' id='word_1_239' title='bbox 1009 4703 1145 4769; x_wconf 76' lang='lat' dir='ltr'><strong>Religion,</strong></span> <span class='ocrx_word' id='word_1_240' title='bbox 1154 4717 1206 4753; x_wconf 86' lang='lat' dir='ltr'><strong>von</strong></span> <span class='ocrx_word' id='word_1_241' title='bbox 1217 4701 1297 4752; x_wconf 87' lang='lat' dir='ltr'><strong>Ernst</strong></span> 
     </span>
     <span class='ocr_line' id='line_1_38' title="bbox 149 4791 678 4859; baseline -0.004 -15"><span class='ocrx_word' id='word_1_242' title='bbox 149 4794 243 4844; x_wconf 80' lang='lat' dir='ltr'><strong>Maass.</strong></span> <span class='ocrx_word' id='word_1_243' title='bbox 261 4793 392 4844; x_wconf 77' lang='lat' dir='ltr'><strong>Mfinchen</strong></span> <span class='ocrx_word' id='word_1_244' title='bbox 414 4791 480 4859; x_wconf 82' lang='lat'>1895</span> <span class='ocrx_word' id='word_1_245' title='bbox 501 4809 527 4859; x_wconf 88' lang='lat' dir='ltr'><strong>p.</strong></span> <span class='ocrx_word' id='word_1_246' title='bbox 547 4807 599 4858; x_wconf 88' lang='lat'><strong>209</strong></span> <span class='ocrx_word' id='word_1_247' title='bbox 618 4809 678 4858; x_wconf 90' lang='lat' dir='ltr'><strong>sqq.</strong></span> 
     </span>
    </p>
   </div>
   <div class='ocr_carea' id='block_1_6' title="bbox 0 0 1585 5476">
    <p class='ocr_par' dir='ltr' id='par_1_9' title="bbox 0 0 1585 5476">
     <span class='ocr_line' id='line_1_39' title="bbox 0 0 1585 5476; baseline 0 0"><span class='ocrx_word' id='word_1_248' title='bbox 0 0 1585 5476; x_wconf 95' lang='lat' dir='ltr'><strong> </strong></span> 
     </span>
    </p>
   </div>
  </div>
 </body>
</html>
