3134 5476
531 1297 786 1395 CAPUT
828 1299 871 1393 ΙΙ

180 1491 256 1555 Quo
280 1493 561 1544 INVESTIGATUR
584 1494 678 1558 QUID
697 1493 910 1547 REMANEAT
933 1493 1022 1544 POST
1046 1493 1219 1544 MORTEM.

168 1882 183 1945 s
212 1890 237 1935 1.
263 1872 302 1936 In
324 1871 388 1935 hac
408 1882 507 1956 parte
528 1874 769 1958 disputationis
789 1894 886 1936 meae
899 1892 976 1936 cum
989 1872 1177 1954 inquiratur
1191 1873 1224 1934 in
1237 1871 1273 1934 id

122 1994 215 2074 quod
239 2000 319 2075 post
338 2001 484 2056 mortem
504 2014 680 2078 superesse
701 1994 865 2088 Romanis
885 1993 994 2056 visum
1014 2012 1086 2055 esse
1107 1999 1271 2074 appareat
1353 2080 1355 2083 Υ

121 2132 166 2174 ex
199 2111 306 2175 titulis
337 2113 590 2196 sepulcralibus,
623 2115 690 2177 iam
721 2115 837 2177 statim
868 2113 1039 2177 laudanda
1070 2121 1158 2188 sunt,
1182 2133 1270 2195 quae

121 2231 204 2294 dicit
235 2231 401 2297 Wissowa
436 2232 500 2316 (1.1.
525 2254 604 2316 pgg.
634 2251 706 2316 191,
736 2240 827 2316 192):
857 2233 963 2314 „Eine
988 2233 1049 2296 mit
1073 2232 1272 2313 lebendiger

124 2350 324 2431 „Phantasie
347 2361 593 2435 ausgestattete
618 2351 840 2435 Vorstellung
862 2372 930 2415 von
955 2353 1067 2415 einem
1085 2351 1271 2415 Fortleben

125 2469 225 2552 „(und
250 2471 344 2534 einer
364 2473 588 2557 Vergeltung)
611 2472 698 2537 nach
719 2473 798 2536 dem
818 2472 926 2547 Tode‚
948 2474 1017 2535 und
1031 2472 1110 2535 dem
1123 2471 1271 2535 Treiben

125 2590 190 2671 „im
222 2588 503 2656 Schattenreiche
535 2592 647 2656 haben
680 2593 735 2655 die
761 2592 889 2655 Romer
913 2590 1008 2655 nicht
1032 2590 1214 2654 besessen”
1238 2599 1273 2654 et

120 2729 239 2793 porro:
279 2732 366 2792 „was
398 2712 457 2775 wir
488 2712 570 2776 aber
601 2712 656 2776 bei
688 2712 880 2776 romischen
912 2711 1079 2776 Dichtern
1112 2733 1180 2775 von
1212 2713 1273 2775 der

125 2830 335 2912 „Unterwelt
371 2832 452 2915 (und
488 2832 583 2896 ihren
615 2831 822 2915 Schrecken)
853 2831 957 2906 lesen,
989 2831 1114 2895 beruht
1144 2831 1272 2895 ebenso

124 2949 203 3030 „auf
221 2950 455 3033 griechischen
479 2952 697 3028 Vorbildern‚
723 2953 785 3015 wie
806 2953 862 3016 die
882 2952 1145 3034 Darstellungen
1166 2961 1271 3016 etrus·

124 3068 276 3151 „kischer
300 3069 583 3154 Grabgem'alde‘’.

166 3191 349 3254 Rationem
370 3213 451 3255 vero
472 3201 506 3256 et
527 3191 805 3275 eschatologiam‚
821 3213 907 3275 quae
921 3193 1053 3267 dicitur,
1069 3191 1189 3256 Graeci
1204 3193 1271 3255 Ro·

65 3344 85 3405 ⁴.
121 3311 229 3373 manis
260 3311 448 3375 attulerunt
471 3312 609 3388 nullam,
633 3313 762 3396 quippe
786 3333 854 3395 qua
878 3320 913 3375 et
936 3312 1000 3394 ipsi
1025 3311 1145 3376 Graeci
1171 3311 1272 3394 plane

120 3429 274 3493 destituti
298 3440 422 3495 essent.
447 3432 602 3496 Incertae
627 3433 719 3495 enim
740 3441 775 3496 et
788 3433 912 3496 dubiae
926 3452 1003 3495 curn
1018 3433 1109 3514 apud
1123 3431 1276 3495 Graecos·

121 3557 193 3612 tum
228 3551 319 3632 apud
357 3551 532 3614 Romanos
567 3572 686 3615 omnes
720 3560 816 3615 erant
848 3552 991 3615 usitatae
1023 3561 1057 3614 et
1088 3560 1272 3634 perceptae

121 3668 385 3733 immortalitatis
421 3671 650 3754 cognitiones:
694 3672 778 3734 iam·
798 3673 886 3735 inter
920 3692 956 3733 se
992 3692 1098 3753 usque
1135 3691 1271 3754 quaque

121 3789 417 3854 confundebantur
433 3789 466 3876 ¹).

166 3910 287 3993 Neque
311 3911 421 3975 solum
440 3912 526 3989 loca,
548 3913 605 3977 ubi
627 3913 769 3977 alteram
790 3913 897 3976 vitam
917 3913 1041 3995 degere
1062 3912 1270 3995 putabantur

120 4031 254 4107 mortui,
278 4033 338 4094 sed
364 4032 468 4095 etiam
492 4033 549 4113 qui
575 4032 711 4096 habitus
736 4041 770 4096 et
791 4053 879 4115 quae
900 4031 1007 4114 figura
1019 4041 1109 4094 esset
1122 4031 1269 4095 hominis

121 4158 198 4233 post
232 4160 388 4227 mortem,
426 4154 526 4217 variis
558 4155 669 4216 modis
693 4154 844 4236 cogitare
867 4152 1034 4216 solebant.
1059 4151 1150 4234 Quid
1175 4153 1268 4234 quod

121 4269 226 4345 multi,
251 4271 375 4353 quibus
398 4281 433 4335 et
457 4271 739 4355 philosophorum
762 4273 963 4349 sententiae,
989 4293 1108 4354 parum
1128 4272 1269 4336 sortasse

121 4391 330 4472 perspicuae,
358 4400 395 4455 ut
418 4413 487 4455 non
511 4392 609 4456 facile
633 4393 920 4475 intellegerentur,
947 4393 1085 4456 minime
1110 4393 1270 4456 videntur

154 4647 180 4716 ι)
199 4649 232 4698 cl.
251 4651 306 4700 Das
320 4651 435 4716 Jenseits
453 4652 489 4700 im
505 4652 613 4716 Mythos
629 4653 675 4702 der
685 4652 827 4703 Hellenen.
838 4651 1074 4716 Untersuchungen
1084 4652 1149 4700 iiber
1158 4649 1267 4700 antiken

121 4736 349 4801 Jenseitsglauben
368 4755 420 4789 von
438 4740 469 4789 L.
488 4739 688 4789 Radermacher.
709 4741 786 4790 Bonn
809 4751 876 4803 1903
895 4745 975 4804 caput
992 4739 1045 4787 III:
1065 4737 1268 4803 Widerspriiche

122 4822 164 4873 bei
184 4824 293 4890 Homer,
312 4833 337 4875 et
355 4826 394 4875 ibi
411 4826 546 4891 Juvenalis
565 4837 589 4889 7.
601 4837 661 4890 207.
