3134 5476
785 743 927 810 PARS
963 746 1013 809 III

354 922 431 986 QUA
455 923 505 972 DE
529 922 777 987 RELIQUORUM
801 923 1006 975 CARMINUM
1030 923 1255 974 SENTENTIIS
1279 922 1435 974 AGITUR.

366 1328 392 1391 s.
422 1337 448 1382 1.
473 1319 512 1383 In
536 1317 666 1402 reliqua
690 1321 876 1383 carminum
900 1320 1138 1404 sepulcralium
1161 1328 1269 1403 parte,
1293 1338 1382 1402 quae
1406 1317 1472 1381 col·

322 1436 405 1522 legit
429 1438 665 1517 Buechelerus,
686 1440 834 1504 hominis
853 1440 1005 1504 defuncti
1025 1440 1167 1504 alteram
1188 1461 1261 1504 esse
1274 1441 1380 1504 vitam
1393 1446 1472 1522 post

323 1568 467 1623 mortem
504 1581 616 1643 neque
639 1569 783 1644 negatur
806 1581 917 1644 neque
941 1562 975 1624 in
999 1561 1142 1625 dubium
1167 1568 1316 1637 vocatur,
1338 1559 1400 1623 sed
1425 1559 1473 1622 ita

321 1691 401 1745 sunt
423 1681 623 1764 composita,
648 1689 686 1746 ut
710 1689 855 1745 mortem
880 1702 948 1746 non
972 1682 1077 1746 totius
1101 1681 1248 1745 hominis
1270 1699 1344 1744 esse
1367 1679 1472 1743 finem

322 1808 500 1865 statuatur.

366 1918 558 2003 Quaeritur,
590 1941 671 1987 num
696 1921 776 1986 inde
800 1921 1003 1985 concludere
1028 1920 1140 1998 liceat,
1165 1941 1285 1985 omnes
1308 1921 1366 2003 qui
1390 1920 1473 1985 talia

322 2041 472 2105 carmina
496 2042 750 2126 composuerint
773 2052 832 2108 aut
851 2042 1014 2128 sepulcris
1033 2043 1250 2107 inscribenda
1269 2042 1472 2118 curaverint,

323 2182 358 2225 re
382 2182 463 2226 vera
485 2162 585 2226 fuisse
609 2165 643 2227 in
669 2163 732 2227 hac
753 2164 933 2240 sententia,
953 2172 991 2228 ut
1011 2184 1078 2228 una
1098 2185 1174 2227 cum
1195 2163 1347 2246 corporis
1366 2163 1473 2225 disso-

323 2279 453 2345 lutione
485 2291 648 2366 negarent
671 2283 822 2347 animum
846 2304 983 2366 quoque
1008 2281 1146 2346 dissolvi
1170 2291 1205 2346 et
1225 2281 1373 2346 interire.
1397 2279 1475 2364 Qua

324 2401 358 2464 in
393 2423 429 2465 re
461 2402 679 2467 diiudicanda
710 2404 901 2468 cavendum
934 2404 1076 2480 videtur,
1109 2423 1153 2466 ne
1177 2403 1260 2486 quid
1283 2400 1475 2467 inconsulte
1511 2451 1521 2469 .

325 2526 476 2589 agamus.

370 2625 437 2710 Qui
469 2629 560 2692 enim
590 2627 882 2693 immortalitatem
915 2649 959 2692 ex
989 2629 1093 2693 animi
1117 2630 1287 2693 sententia
1311 2635 1475 2713 negarent

323 2755 383 2810 aut
409 2747 606 2811 dubitarent
629 2749 699 2811 veri
723 2745 833 2812 simile
858 2757 910 2812 est
933 2747 1071 2813 liberius
1095 2749 1266 2832 aperuisse
1290 2769 1378 2831 quae
1398 2768 1474 2811 sen·

321 2868 436 2944 tirent,
458 2887 562 2949 quam
585 2868 643 2949 qui
667 2876 777 2932 totam
801 2889 873 2932 rem
886 2868 1107 2952 neglegerent
1119 2889 1182 2932 nec
1196 2869 1294 2933 ullius
1306 2868 1474 2932 haberent

322 2986 505 3063 momenti;
527 3007 587 3050 eos
606 2988 719 3070 potius
739 2996 1006 3053 consentaneum
1027 2996 1079 3053 est
1095 2997 1154 3054 aut
1174 2990 1313 3053 omnino
1329 2989 1475 3051 tacuisse

321 3114 381 3171 aut
415 3107 497 3171 satis
528 3106 703 3190 divulgata
735 3109 986 3174 inconsiderate
1010 3111 1237 3193 exscripsisse.
1262 3107 1339 3192 Quo
1364 3106 1413 3183 fit,
1437 3113 1475 3171 ut

322 3248 391 3291 non
427 3227 461 3291 iu
497 3226 656 3291 omnibus
691 3229 895 3293 carminibus
926 3229 1218 3295 immortalitatem
1250 3226 1476 3312 probantibus

325 3368 441 3412 veram
464 3348 613 3412 auctoris
636 3347 834 3431 opinionem
858 3349 960 3433 plane
985 3351 1240 3434 perspiciamus.

372 3469 506 3532 Desunt
539 3477 654 3533 autem
686 3468 785 3533 nobis
808 3488 874 3532 non
901 3490 1020 3552 pauca,
1044 3490 1131 3553 quae
1154 3470 1181 3533 si
1205 3470 1475 3553 suppeditarent,

326 3589 361 3652 in
397 3588 497 3653 rebus
532 3589 758 3656 diiudicandis
787 3590 1038 3656 adhiberemus.
1070 3591 1147 3655 Hoc
1177 3600 1312 3655 tantum
1337 3610 1477 3653 monere

324 3706 442 3773 liceat:
466 3729 571 3791 quarn
595 3709 693 3774 multi
713 3709 847 3786 fuerint,
868 3712 926 3794 qui
947 3711 981 3775 in
1001 3710 1107 3775 titulis
1127 3711 1380 3774 conscribendis
1392 3709 1477 3774 alios

322 3830 446 3894 imitati
481 3830 549 3896 sint
573 3830 768 3913 ignoramus
793 3852 856 3895 uec
880 3853 1031 3915 unquam
1055 3852 1172 3895 eorum
1197 3851 1375 3895 numerum
1399 3850 1476 3913 cog·

324 3969 513 4013 noscemus.
539 3948 829 4033 Quandoquidem
854 3959 889 4016 et
912 3952 976 4016 illis
1000 3952 1213 4035 temporibus
1237 3952 1318 4016 satis
1341 3959 1478 4014 constat

324 4069 436 4148 fuisse,
460 4071 518 4153 qui
542 4071 632 4135 tituli
657 4072 887 4154 componendi
911 4072 1011 4136 rudes
1032 4081 1067 4136 et
1087 4074 1272 4155 quomodo,
1295 4092 1382 4155 quae
1401 4091 1478 4135 sen-

325 4192 439 4269 tirent,
475 4191 588 4255 verbis
623 4193 854 4275 exprimerent
889 4194 1009 4258 incerti
1040 4203 1144 4277 atque
1175 4195 1334 4278 imperiti,
1364 4201 1478 4258 totum

329 4310 465 4375 titulum
490 4311 554 4386 vel,
579 4313 670 4395 quod
692 4311 891 4396 plerumque
912 4315 1045 4378 videtur
1057 4313 1184 4378 factum
1197 4335 1280 4390 esse,
1293 4313 1479 4377 sententias

329 4431 409 4495 hinc
432 4431 524 4495 illinc
548 4431 689 4497 collatas
711 4433 797 4497 alter
819 4434 864 4498 ab
883 4432 991 4497 altero
1011 4433 1302 4498 transscriberent.
1324 4432 1478 4516 Quorum

328 4551 418 4615 tituli
453 4552 497 4615 ad
529 4553 687 4617 carminis
709 4555 855 4618 auctoris
878 4556 1085 4619 sententiam
1110 4554 1384 4639 cognoscendam
1409 4574 1478 4617 non

323 4671 474 4736 multum
498 4671 624 4737 valent.

372 4790 521 4855 Accedit
552 4792 645 4875 quod
677 4794 710 4858 in
740 4814 808 4857 uno
833 4796 1024 4878 eodemque
1044 4794 1145 4859 titulo
1169 4795 1281 4859 variae
1305 4793 1477 4857 interdum
