<?xml version="1.0" encoding="UTF-8"?>
<!DOCTYPE html PUBLIC "-//W3C//DTD XHTML 1.0 Transitional//EN"
    "http://www.w3.org/TR/xhtml1/DTD/xhtml1-transitional.dtd">
<html xmlns="http://www.w3.org/1999/xhtml" xml:lang="en" lang="en">
 <head>
  <title>
</title>
<meta http-equiv="Content-Type" content="text/html;charset=utf-8" />
  <meta name='ocr-system' content='tesseract 3.04.00' />
  <meta name='ocr-capabilities' content='ocr_page ocr_carea ocr_par ocr_line ocrx_word'/>
</head>
<body>
  <div class='ocr_page' id='page_1' title='image "./quaedehominumpo00bleegoog_0117.png"; bbox 0 0 3134 5476; ppageno 0'>
   <div class='ocr_carea' id='block_1_1' title="bbox 249 556 1409 1840">
    <p class='ocr_par' dir='ltr' id='par_1_1' title="bbox 249 556 1409 1840">
     <span class='ocr_line' id='line_1_1' title="bbox 296 556 709 623; baseline -0.01 -1"><span class='ocrx_word' id='word_1_1' title='bbox 296 558 377 623; x_wconf 91' lang='lat' dir='ltr'>Alia</span> <span class='ocrx_word' id='word_1_2' title='bbox 401 558 508 621; x_wconf 77' lang='lat' dir='ltr'>forma</span> <span class='ocrx_word' id='word_1_3' title='bbox 532 564 583 619; x_wconf 92' lang='lat' dir='ltr'>est</span> <span class='ocrx_word' id='word_1_4' title='bbox 607 556 709 620; x_wconf 88' lang='lat' dir='ltr'>haec:</span> 
     </span>
     <span class='ocr_line' id='line_1_2' title="bbox 251 675 622 761; baseline -0.013 -18"><span class='ocrx_word' id='word_1_5' title='bbox 251 678 332 743; x_wconf 91' lang='lat' dir='ltr'>Bch.</span> <span class='ocrx_word' id='word_1_6' title='bbox 362 695 424 761; x_wconf 90' lang='lat'>119</span> <span class='ocrx_word' id='word_1_7' title='bbox 448 676 502 760; x_wconf 84' lang='lat' dir='ltr'>(cf.</span> <span class='ocrx_word' id='word_1_8' title='bbox 532 675 622 758; x_wconf 89' lang='lat'>120):</span> 
     </span>
     <span class='ocr_line' id='line_1_3' title="bbox 317 795 1120 878; baseline -0.007 -16"><span class='ocrx_word' id='word_1_9' title='bbox 317 798 412 862; x_wconf 88' lang='lat' dir='ltr'><strong>Heus</strong></span> <span class='ocrx_word' id='word_1_10' title='bbox 436 806 483 872; x_wconf 91' lang='lat' dir='ltr'>tu,</span> <span class='ocrx_word' id='word_1_11' title='bbox 509 797 620 860; x_wconf 87' lang='lat' dir='ltr'>viator</span> <span class='ocrx_word' id='word_1_12' title='bbox 642 795 739 871; x_wconf 88' lang='lat' dir='ltr'>lasse,</span> <span class='ocrx_word' id='word_1_13' title='bbox 763 797 820 878; x_wconf 91' lang='lat' dir='ltr'>qui</span> <span class='ocrx_word' id='word_1_14' title='bbox 846 816 901 859; x_wconf 88' lang='lat' dir='ltr'>me</span> <span class='ocrx_word' id='word_1_15' title='bbox 925 795 1120 878; x_wconf 89' lang='lat' dir='ltr'>praetereis,</span> 
     </span>
     <span class='ocr_line' id='line_1_4' title="bbox 317 912 1324 991; baseline -0.007 -8"><span class='ocrx_word' id='word_1_16' title='bbox 317 939 395 982; x_wconf 91' lang='lat' dir='ltr'>cum</span> <span class='ocrx_word' id='word_1_17' title='bbox 419 917 476 980; x_wconf 95' lang='lat' dir='ltr'>diu</span> <span class='ocrx_word' id='word_1_18' title='bbox 499 915 714 991; x_wconf 88' lang='lat' dir='ltr'>ambulareis,</span> <span class='ocrx_word' id='word_1_19' title='bbox 738 923 854 979; x_wconf 88' lang='lat' dir='ltr'>tamen</span> <span class='ocrx_word' id='word_1_20' title='bbox 878 915 937 978; x_wconf 79' lang='lat' dir='ltr'>hoc</span> <span class='ocrx_word' id='word_1_21' title='bbox 959 914 1158 978; x_wconf 82' lang='lat' dir='ltr'>veniundum</span> <span class='ocrx_word' id='word_1_22' title='bbox 1183 912 1324 978; x_wconf 84' lang='lat' dir='ltr'>esttibi.</span> 
     </span>
     <span class='ocr_line' id='line_1_5' title="bbox 249 1032 1147 1121; baseline -0.01 -18"><span class='ocrx_word' id='word_1_23' title='bbox 249 1039 291 1103; x_wconf 86' lang='lat' dir='ltr'>cf.</span> <span class='ocrx_word' id='word_1_24' title='bbox 317 1040 368 1121; x_wconf 88' lang='lat'>83,</span> <span class='ocrx_word' id='word_1_25' title='bbox 396 1054 470 1116; x_wconf 86' lang='lat'>242,</span> <span class='ocrx_word' id='word_1_26' title='bbox 499 1051 600 1119; x_wconf 76' lang='lat'>1097,</span> <span class='ocrx_word' id='word_1_27' title='bbox 632 1035 715 1115; x_wconf 87' lang='lat'>1084</span> <span class='ocrx_word' id='word_1_28' title='bbox 739 1033 816 1118; x_wconf 88' lang='lat' dir='ltr'>(hoc</span> <span class='ocrx_word' id='word_1_29' title='bbox 840 1053 960 1096; x_wconf 90' lang='lat' dir='ltr'>omnes</span> <span class='ocrx_word' id='word_1_30' title='bbox 984 1032 1147 1115; x_wconf 89' lang='lat' dir='ltr'>veniunt).</span> 
     </span>
     <span class='ocr_line' id='line_1_6' title="bbox 250 1153 1263 1239; baseline -0.005 -18"><span class='ocrx_word' id='word_1_31' title='bbox 250 1157 331 1221; x_wconf 90' lang='lat' dir='ltr'>Bch.</span> <span class='ocrx_word' id='word_1_32' title='bbox 350 1171 450 1239; x_wconf 86' lang='lat'>1542:</span> <span class='ocrx_word' id='word_1_33' title='bbox 476 1155 593 1218; x_wconf 89' lang='lat' dir='ltr'><strong>Nolite</strong></span> <span class='ocrx_word' id='word_1_34' title='bbox 618 1153 734 1218; x_wconf 91' lang='lat' dir='ltr'>dolere</span> <span class='ocrx_word' id='word_1_35' title='bbox 758 1161 927 1236; x_wconf 87' lang='lat' dir='ltr'>parentes,</span> <span class='ocrx_word' id='word_1_36' title='bbox 952 1154 1157 1217; x_wconf 84' lang='lat' dir='ltr'>moriendum</span> <span class='ocrx_word' id='word_1_37' title='bbox 1175 1153 1263 1236; x_wconf 83' lang='lat' dir='ltr'>fuit.</span> 
     </span>
     <span class='ocr_line' id='line_1_7' title="bbox 250 1272 857 1359; baseline -0.007 -19"><span class='ocrx_word' id='word_1_38' title='bbox 250 1278 347 1341; x_wconf 87' lang='lat' dir='ltr'><strong>Idem</strong></span> <span class='ocrx_word' id='word_1_39' title='bbox 376 1291 469 1359; x_wconf 84' lang='lat'><strong>¹543·</strong></span> <span class='ocrx_word' id='word_1_40' title='bbox 495 1275 536 1340; x_wconf 89' lang='lat' dir='ltr'>cf.</span> <span class='ocrx_word' id='word_1_41' title='bbox 561 1276 615 1350; x_wconf 87' lang='lat'>68,</span> <span class='ocrx_word' id='word_1_42' title='bbox 645 1275 716 1350; x_wconf 88' lang='lat'>118,</span> <span class='ocrx_word' id='word_1_43' title='bbox 744 1290 804 1354; x_wconf 91' lang='lat'>241</span> <span class='ocrx_word' id='word_1_44' title='bbox 824 1272 857 1356; x_wconf 86' lang='lat'>¹).</span> 
     </span>
     <span class='ocr_line' id='line_1_8' title="bbox 295 1394 820 1462; baseline -0.006 -1"><span class='ocrx_word' id='word_1_45' title='bbox 295 1399 482 1462; x_wconf 85' lang='lat' dir='ltr'><strong>Notissima</strong></span> <span class='ocrx_word' id='word_1_46' title='bbox 506 1404 558 1461; x_wconf 88' lang='lat' dir='ltr'>est</span> <span class='ocrx_word' id='word_1_47' title='bbox 582 1395 667 1460; x_wconf 88' lang='lat' dir='ltr'>haec</span> <span class='ocrx_word' id='word_1_48' title='bbox 692 1394 820 1459; x_wconf 81' lang='lat' dir='ltr'>forma:</span> 
     </span>
     <span class='ocr_line' id='line_1_9' title="bbox 252 1514 1211 1598; baseline -0.004 -17"><span class='ocrx_word' id='word_1_49' title='bbox 252 1518 333 1581; x_wconf 87' lang='lat' dir='ltr'>Bch.</span> <span class='ocrx_word' id='word_1_50' title='bbox 351 1518 427 1597; x_wconf 90' lang='lat'>146:</span> <span class='ocrx_word' id='word_1_51' title='bbox 475 1516 554 1580; x_wconf 94' lang='lat' dir='ltr'>Noli</span> <span class='ocrx_word' id='word_1_52' title='bbox 580 1515 706 1590; x_wconf 90' lang='lat' dir='ltr'>dolere,</span> <span class='ocrx_word' id='word_1_53' title='bbox 732 1534 891 1590; x_wconf 88' lang='lat' dir='ltr'>mamma,</span> <span class='ocrx_word' id='word_1_54' title='bbox 910 1514 1106 1598; x_wconf 82' lang='lat' dir='ltr'>faciendum</span> <span class='ocrx_word' id='word_1_55' title='bbox 1124 1515 1211 1598; x_wconf 83' lang='lat' dir='ltr'>fuit.</span> 
     </span>
     <span class='ocr_line' id='line_1_10' title="bbox 251 1635 1404 1719; baseline -0.007 -17"><span class='ocrx_word' id='word_1_56' title='bbox 251 1638 430 1704; x_wconf 86' lang='lat' dir='ltr'>Simillima</span> <span class='ocrx_word' id='word_1_57' title='bbox 453 1637 535 1701; x_wconf 92' lang='lat' dir='ltr'>Bch.</span> <span class='ocrx_word' id='word_1_58' title='bbox 565 1650 636 1719; x_wconf 88' lang='lat'>147,</span> <span class='ocrx_word' id='word_1_59' title='bbox 658 1636 746 1719; x_wconf 88' lang='lat'>(148,</span> <span class='ocrx_word' id='word_1_60' title='bbox 770 1635 943 1718; x_wconf 85' lang='lat'>149),150,</span> <span class='ocrx_word' id='word_1_61' title='bbox 962 1635 1054 1717; x_wconf 81' lang='lat'>1536,</span> <span class='ocrx_word' id='word_1_62' title='bbox 1073 1635 1404 1718; x_wconf 82' lang='lat' dir='ltr'>1537,1538.cf.45.</span> 
     </span>
     <span class='ocr_line' id='line_1_11' title="bbox 251 1754 1409 1840; baseline -0.007 -16"><span class='ocrx_word' id='word_1_63' title='bbox 251 1758 476 1824; x_wconf 87' lang='lat' dir='ltr'>Cholodniak.</span> <span class='ocrx_word' id='word_1_64' title='bbox 488 1759 551 1840; x_wconf 90' lang='lat'>461</span> <span class='ocrx_word' id='word_1_65' title='bbox 565 1783 573 1820; x_wconf 93' lang='lat'>:</span> <span class='ocrx_word' id='word_1_66' title='bbox 598 1756 704 1821; x_wconf 89' lang='lat' dir='ltr'>nolite</span> <span class='ocrx_word' id='word_1_67' title='bbox 717 1755 844 1831; x_wconf 91' lang='lat' dir='ltr'>dolere,</span> <span class='ocrx_word' id='word_1_68' title='bbox 859 1763 1028 1838; x_wconf 89' lang='lat' dir='ltr'>parentes,</span> <span class='ocrx_word' id='word_1_69' title='bbox 1041 1755 1107 1819; x_wconf 92' lang='lat' dir='ltr'>hoc</span> <span class='ocrx_word' id='word_1_70' title='bbox 1119 1754 1316 1818; x_wconf 87' lang='lat' dir='ltr'>faciendum</span> <span class='ocrx_word' id='word_1_71' title='bbox 1330 1754 1409 1818; x_wconf 87' lang='lat' dir='ltr'>fuit.</span> 
     </span>
    </p>
   </div>
   <div class='ocr_carea' id='block_1_2' title="bbox 247 1997 1420 4132">
    <p class='ocr_par' dir='ltr' id='par_1_2' title="bbox 251 1997 1420 2325">
     <span class='ocr_line' id='line_1_12' title="bbox 297 1997 1416 2083; baseline -0.004 -19"><span class='ocrx_word' id='word_1_72' title='bbox 297 2001 391 2065; x_wconf 91' lang='lat' dir='ltr'>Mors</span> <span class='ocrx_word' id='word_1_73' title='bbox 426 2021 487 2065; x_wconf 87' lang='lat' dir='ltr'>sua</span> <span class='ocrx_word' id='word_1_74' title='bbox 517 2021 688 2083; x_wconf 92' lang='lat' dir='ltr'>quemque</span> <span class='ocrx_word' id='word_1_75' title='bbox 722 2008 853 2076; x_wconf 73' lang='lat' dir='ltr'>manet,</span> <span class='ocrx_word' id='word_1_76' title='bbox 882 2000 917 2062; x_wconf 91' lang='lat' dir='ltr'>in</span> <span class='ocrx_word' id='word_1_77' title='bbox 942 1998 1098 2062; x_wconf 87' lang='lat' dir='ltr'>maximis</span> <span class='ocrx_word' id='word_1_78' title='bbox 1122 2017 1204 2061; x_wconf 93' lang='lat' dir='ltr'>vero</span> <span class='ocrx_word' id='word_1_79' title='bbox 1228 1997 1416 2062; x_wconf 88' lang='lat' dir='ltr'>doloribus</span> 
     </span>
     <span class='ocr_line' id='line_1_13' title="bbox 251 2119 1420 2204; baseline -0.004 -18"><span class='ocrx_word' id='word_1_80' title='bbox 251 2122 310 2186; x_wconf 78' lang='lat' dir='ltr'>hoc</span> <span class='ocrx_word' id='word_1_81' title='bbox 332 2122 449 2185; x_wconf 81' lang='lat' dir='ltr'>solatio</span> <span class='ocrx_word' id='word_1_82' title='bbox 462 2128 603 2185; x_wconf 87' lang='lat' dir='ltr'>utuntur</span> <span class='ocrx_word' id='word_1_83' title='bbox 615 2121 797 2204; x_wconf 91' lang='lat' dir='ltr'>propinqui</span> <span class='ocrx_word' id='word_1_84' title='bbox 810 2120 1020 2204; x_wconf 89' lang='lat' dir='ltr'>superstites,</span> <span class='ocrx_word' id='word_1_85' title='bbox 1033 2120 1125 2201; x_wconf 93' lang='lat' dir='ltr'>quod</span> <span class='ocrx_word' id='word_1_86' title='bbox 1140 2119 1231 2182; x_wconf 94' lang='lat' dir='ltr'>idem</span> <span class='ocrx_word' id='word_1_87' title='bbox 1244 2119 1420 2182; x_wconf 83' lang='lat' dir='ltr'>omnibus</span> 
     </span>
     <span class='ocr_line' id='line_1_14' title="bbox 253 2242 737 2325; baseline -0.004 -19"><span class='ocrx_word' id='word_1_88' title='bbox 253 2243 307 2306; x_wconf 91' lang='lat' dir='ltr'>vel</span> <span class='ocrx_word' id='word_1_89' title='bbox 332 2243 578 2325; x_wconf 90' lang='lat' dir='ltr'>potentissimis</span> <span class='ocrx_word' id='word_1_90' title='bbox 602 2242 737 2305; x_wconf 89' lang='lat' dir='ltr'>accidit.</span> 
     </span>
    </p>

    <p class='ocr_par' dir='ltr' id='par_1_3' title="bbox 247 2360 1407 4132">
     <span class='ocr_line' id='line_1_15' title="bbox 255 2360 1211 2444; baseline -0.001 -18"><span class='ocrx_word' id='word_1_91' title='bbox 255 2362 433 2427; x_wconf 90' lang='lat' dir='ltr'>Bch.610:</span> <span class='ocrx_word' id='word_1_92' title='bbox 469 2361 587 2425; x_wconf 87' lang='lat' dir='ltr'>Aionii</span> <span class='ocrx_word' id='word_1_93' title='bbox 612 2361 716 2436; x_wconf 89' lang='lat' dir='ltr'>salve,</span> <span class='ocrx_word' id='word_1_94' title='bbox 741 2360 858 2425; x_wconf 89' lang='lat' dir='ltr'>doleas</span> <span class='ocrx_word' id='word_1_95' title='bbox 883 2381 925 2424; x_wconf 92' lang='lat' dir='ltr'>ne</span> <span class='ocrx_word' id='word_1_96' title='bbox 950 2361 1020 2424; x_wconf 85' lang='lat' dir='ltr'>sata</span> <span class='ocrx_word' id='word_1_97' title='bbox 1043 2381 1211 2444; x_wconf 87' lang='lat' dir='ltr'>suprema,</span> 
     </span>
     <span class='ocr_line' id='line_1_16' title="bbox 466 2481 1326 2546; baseline 0 0"><span class='ocrx_word' id='word_1_98' title='bbox 466 2502 586 2546; x_wconf 90' lang='lat' dir='ltr'>omnes</span> <span class='ocrx_word' id='word_1_99' title='bbox 610 2481 771 2545; x_wconf 85' lang='lat' dir='ltr'>mortales</span> <span class='ocrx_word' id='word_1_100' title='bbox 795 2482 916 2544; x_wconf 89' lang='lat' dir='ltr'>eadem</span> <span class='ocrx_word' id='word_1_101' title='bbox 940 2501 1019 2544; x_wconf 86' lang='lat' dir='ltr'>nam</span> <span class='ocrx_word' id='word_1_102' title='bbox 1043 2490 1134 2545; x_wconf 85' lang='lat' dir='ltr'>sorte</span> <span class='ocrx_word' id='word_1_103' title='bbox 1158 2490 1326 2546; x_wconf 87' lang='lat' dir='ltr'>tenemur.</span> 
     </span>
     <span class='ocr_line' id='line_1_17' title="bbox 253 2602 1381 2687; baseline -0.002 -19"><span class='ocrx_word' id='word_1_104' title='bbox 253 2605 335 2668; x_wconf 90' lang='lat' dir='ltr'>Bch.</span> <span class='ocrx_word' id='word_1_105' title='bbox 349 2605 432 2687; x_wconf 85' lang='lat'>823:</span> <span class='ocrx_word' id='word_1_106' title='bbox 469 2604 597 2666; x_wconf 86' lang='lat' dir='ltr'>Desine</span> <span class='ocrx_word' id='word_1_107' title='bbox 621 2603 688 2665; x_wconf 89' lang='lat' dir='ltr'>iam</span> <span class='ocrx_word' id='word_1_108' title='bbox 712 2610 821 2665; x_wconf 89' lang='lat' dir='ltr'>mater</span> <span class='ocrx_word' id='word_1_109' title='bbox 844 2602 990 2665; x_wconf 88' lang='lat' dir='ltr'>lacrimis</span> <span class='ocrx_word' id='word_1_110' title='bbox 1014 2621 1179 2665; x_wconf 88' lang='lat' dir='ltr'>renovare</span> <span class='ocrx_word' id='word_1_111' title='bbox 1202 2602 1381 2684; x_wconf 89' lang='lat' dir='ltr'>querellas,</span> 
     </span>
     <span class='ocr_line' id='line_1_18' title="bbox 470 2722 1280 2805; baseline 0.001 -19"><span class='ocrx_word' id='word_1_112' title='bbox 470 2743 617 2805; x_wconf 85' lang='lat' dir='ltr'>namque</span> <span class='ocrx_word' id='word_1_113' title='bbox 641 2722 739 2786; x_wconf 92' lang='lat' dir='ltr'>dolor</span> <span class='ocrx_word' id='word_1_114' title='bbox 762 2722 838 2786; x_wconf 89' lang='lat' dir='ltr'>talis</span> <span class='ocrx_word' id='word_1_115' title='bbox 863 2742 930 2785; x_wconf 92' lang='lat' dir='ltr'>non</span> <span class='ocrx_word' id='word_1_116' title='bbox 955 2722 1018 2785; x_wconf 92' lang='lat' dir='ltr'>tibi</span> <span class='ocrx_word' id='word_1_117' title='bbox 1043 2723 1188 2805; x_wconf 86' lang='lat' dir='ltr'>contigit</span> <span class='ocrx_word' id='word_1_118' title='bbox 1210 2724 1280 2787; x_wconf 85' lang='lat' dir='ltr'>uni.</span> 
     </span>
     <span class='ocr_line' id='line_1_19' title="bbox 255 2842 1315 2927; baseline -0.001 -19"><span class='ocrx_word' id='word_1_119' title='bbox 255 2843 433 2909; x_wconf 88' lang='lat' dir='ltr'>Simillima</span> <span class='ocrx_word' id='word_1_120' title='bbox 468 2843 624 2926; x_wconf 86' lang='lat' dir='ltr'>leguntur</span> <span class='ocrx_word' id='word_1_121' title='bbox 649 2842 730 2906; x_wconf 91' lang='lat' dir='ltr'>Bch.</span> <span class='ocrx_word' id='word_1_122' title='bbox 755 2859 831 2926; x_wconf 89' lang='lat'>970,</span> <span class='ocrx_word' id='word_1_123' title='bbox 854 2859 930 2927; x_wconf 90' lang='lat'>971,</span> <span class='ocrx_word' id='word_1_124' title='bbox 956 2843 1083 2907; x_wconf 88' lang='lat' dir='ltr'>additis</span> <span class='ocrx_word' id='word_1_125' title='bbox 1107 2843 1159 2906; x_wconf 94' lang='lat' dir='ltr'>his</span> <span class='ocrx_word' id='word_1_126' title='bbox 1184 2844 1315 2907; x_wconf 91' lang='lat' dir='ltr'>verbis:</span> 
     </span>
     <span class='ocr_line' id='line_1_20' title="bbox 472 2963 1313 3046; baseline 0.002 -20"><span class='ocrx_word' id='word_1_127' title='bbox 472 2963 556 3026; x_wconf 89' lang='lat' dir='ltr'>haec</span> <span class='ocrx_word' id='word_1_128' title='bbox 582 2964 704 3027; x_wconf 85' lang='lat' dir='ltr'>eadem</span> <span class='ocrx_word' id='word_1_129' title='bbox 728 2972 763 3026; x_wconf 91' lang='lat' dir='ltr'>et</span> <span class='ocrx_word' id='word_1_130' title='bbox 787 2965 919 3045; x_wconf 86' lang='lat' dir='ltr'>magnis</span> <span class='ocrx_word' id='word_1_131' title='bbox 943 2964 1080 3046; x_wconf 84' lang='lat' dir='ltr'>regibus</span> <span class='ocrx_word' id='word_1_132' title='bbox 1103 2965 1313 3029; x_wconf 85' lang='lat' dir='ltr'>acciderunt.</span> 
     </span>
     <span class='ocr_line' id='line_1_21' title="bbox 247 3083 1184 3167; baseline -0.003 -18"><span class='ocrx_word' id='word_1_133' title='bbox 247 3086 327 3149; x_wconf 90' lang='lat' dir='ltr'>Bch.</span> <span class='ocrx_word' id='word_1_134' title='bbox 346 3085 447 3149; x_wconf 90' lang='lat'>1068:</span> <span class='ocrx_word' id='word_1_135' title='bbox 473 3085 589 3148; x_wconf 91' lang='lat' dir='ltr'>desine</span> <span class='ocrx_word' id='word_1_136' title='bbox 614 3104 709 3148; x_wconf 90' lang='lat' dir='ltr'>soror</span> <span class='ocrx_word' id='word_1_137' title='bbox 734 3104 787 3147; x_wconf 91' lang='lat' dir='ltr'>me</span> <span class='ocrx_word' id='word_1_138' title='bbox 812 3085 880 3147; x_wconf 86' lang='lat' dir='ltr'>iam</span> <span class='ocrx_word' id='word_1_139' title='bbox 905 3083 985 3146; x_wconf 88' lang='lat' dir='ltr'>flere</span> <span class='ocrx_word' id='word_1_140' title='bbox 1010 3084 1184 3167; x_wconf 91' lang='lat' dir='ltr'>sepulcro:</span> 
     </span>
     <span class='ocr_line' id='line_1_22' title="bbox 469 3203 1181 3287; baseline 0 -19"><span class='ocrx_word' id='word_1_141' title='bbox 469 3205 534 3268; x_wconf 92' lang='lat' dir='ltr'>hoc</span> <span class='ocrx_word' id='word_1_142' title='bbox 558 3206 662 3268; x_wconf 86' lang='lat' dir='ltr'>etiam</span> <span class='ocrx_word' id='word_1_143' title='bbox 687 3204 801 3268; x_wconf 93' lang='lat' dir='ltr'>multis</span> <span class='ocrx_word' id='word_1_144' title='bbox 826 3205 962 3287; x_wconf 86' lang='lat' dir='ltr'>regibus</span> <span class='ocrx_word' id='word_1_145' title='bbox 986 3203 1070 3268; x_wconf 85' lang='lat' dir='ltr'>hora</span> <span class='ocrx_word' id='word_1_146' title='bbox 1093 3205 1181 3269; x_wconf 90' lang='lat' dir='ltr'>tulit.</span> 
     </span>
     <span class='ocr_line' id='line_1_23' title="bbox 296 3325 542 3391; baseline -0.008 0"><span class='ocrx_word' id='word_1_147' title='bbox 296 3325 521 3391; x_wconf 80' lang='lat' dir='ltr'>conserantur</span> <span class='ocrx_word' id='word_1_148' title='bbox 534 3352 542 3389; x_wconf 75' lang='grc' dir='ltr'><strong><em>ε</em></strong></span> 
     </span>
     <span class='ocr_line' id='line_1_24' title="bbox 255 3439 788 3528; baseline -0.006 -18"><span class='ocrx_word' id='word_1_149' title='bbox 255 3447 323 3511; x_wconf 92' lang='lat' dir='ltr'>Kb.</span> <span class='ocrx_word' id='word_1_150' title='bbox 350 3447 459 3528; x_wconf 84' lang='lat' dir='ltr'>502b:</span> <span class='ocrx_word' id='word_1_151' title='bbox 483 3439 517 3517; x_wconf 76' lang='grc' dir='ltr'>ἧς</span> <span class='ocrx_word' id='word_1_152' title='bbox 543 3445 568 3508; x_wconf 79' lang='grc' dir='ltr'>δ’</span> <span class='ocrx_word' id='word_1_153' title='bbox 593 3444 713 3524; x_wconf 78' lang='grc' dir='ltr'><em>ἔλαχέν</em></span> <span class='ocrx_word' id='word_1_154' title='bbox 740 3468 788 3516; x_wconf 78' lang='grc' dir='ltr'>τις</span> 
     </span>
     <span class='ocr_line' id='line_1_25' title="bbox 487 3564 1309 3647; baseline 0.005 -19"><span class='ocrx_word' id='word_1_155' title='bbox 487 3565 604 3646; x_wconf 70' lang='grc' dir='ltr'><strong><em>μοίρης,</em></strong></span> <span class='ocrx_word' id='word_1_156' title='bbox 631 3565 751 3640; x_wconf 72' lang='grc' dir='ltr'><em>ταύτην</em></span> <span class='ocrx_word' id='word_1_157' title='bbox 775 3565 945 3629; x_wconf 70' lang='lat' dir='ltr'>irretirer·</span> <span class='ocrx_word' id='word_1_158' title='bbox 972 3566 1024 3629; x_wconf 77' lang='lat' dir='ltr'>:rui</span> <span class='ocrx_word' id='word_1_159' title='bbox 1051 3564 1113 3647; x_wconf 69' lang='grc' dir='ltr'>γὰρ</span> <span class='ocrx_word' id='word_1_160' title='bbox 1139 3566 1309 3643; x_wconf 71' lang='grc' dir='ltr'><strong><em>βασιλῆες.</em></strong></span> 
     </span>
     <span class='ocr_line' id='line_1_26' title="bbox 254 3685 1407 3769; baseline 0.006 -20"><span class='ocrx_word' id='word_1_161' title='bbox 254 3686 321 3750; x_wconf 92' lang='lat' dir='ltr'>Kb.</span> <span class='ocrx_word' id='word_1_162' title='bbox 351 3704 427 3769; x_wconf 90' lang='lat'>191.</span> <span class='ocrx_word' id='word_1_163' title='bbox 486 3710 515 3749; x_wconf 82' lang='grc' dir='ltr'>τν</span> <span class='ocrx_word' id='word_1_164' title='bbox 512 3685 666 3763; x_wconf 56' lang='lat' dir='ltr'>&#39;dadum</span> <span class='ocrx_word' id='word_1_165' title='bbox 681 3684 1407 3769; x_wconf 72' lang='grc' dir='ltr'><em>κννὶΘὲτνςΑἰακίδηνκλαῦσενάπνφθίμεννν.</em></span> 
     </span>
     <span class='ocr_line' id='line_1_27' title="bbox 249 3805 1097 3891; baseline 0.006 -23"><span class='ocrx_word' id='word_1_166' title='bbox 249 3805 342 3868; x_wconf 88' lang='lat' dir='ltr'>A.P</span> <span class='ocrx_word' id='word_1_167' title='bbox 369 3807 437 3870; x_wconf 95' lang='lat' dir='ltr'>VII</span> <span class='ocrx_word' id='word_1_168' title='bbox 467 3822 548 3891; x_wconf 80' lang='lat'>157:</span> <span class='ocrx_word' id='word_1_169' title='bbox 597 3805 701 3870; x_wconf 72' lang='grc' dir='ltr'><em>ἔθανεν</em></span> <span class='ocrx_word' id='word_1_170' title='bbox 725 3809 819 3888; x_wconf 64' lang='lat' dir='ltr'>ztir</span> <span class='ocrx_word' id='word_1_171' title='bbox 821 3808 945 3888; x_wconf 74' lang='grc' dir='ltr'><em>ρνγέρννν</em></span> <span class='ocrx_word' id='word_1_172' title='bbox 970 3807 1097 3881; x_wconf 77' lang='grc' dir='ltr'><strong><em>Πύλιος.</em></strong></span> 
     </span>
     <span class='ocr_line' id='line_1_28' title="bbox 249 3924 1099 4009; baseline 0.006 -22"><span class='ocrx_word' id='word_1_173' title='bbox 249 3924 317 3988; x_wconf 91' lang='lat' dir='ltr'>Kb.</span> <span class='ocrx_word' id='word_1_174' title='bbox 344 3927 424 4008; x_wconf 89' lang='lat'>298:</span> <span class='ocrx_word' id='word_1_175' title='bbox 472 3927 525 3990; x_wconf 76' lang='grc' dir='ltr'><em>κννὶ</em></span> <span class='ocrx_word' id='word_1_176' title='bbox 550 3926 700 4005; x_wconf 81' lang='grc' dir='ltr'><em>μννκνὶρων</em></span> <span class='ocrx_word' id='word_1_177' title='bbox 725 3927 883 4000; x_wconf 73' lang='grc' dir='ltr'><em>παῖδες</em></span> <span class='ocrx_word' id='word_1_178' title='bbox 868 3931 947 4009; x_wconf 79' lang='grc' dir='ltr'><em>ενερθ</em></span> <span class='ocrx_word' id='word_1_179' title='bbox 951 3954 981 3992; x_wconf 85' lang='grc' dir='ltr'>εν</span> <span class='ocrx_word' id='word_1_180' title='bbox 1007 3928 1099 4007; x_wconf 80' lang='grc' dir='ltr'><em>ἔβννν</em></span> 
     </span>
     <span class='ocr_line' id='line_1_29' title="bbox 257 4045 520 4132; baseline 0.019 -26"><span class='ocrx_word' id='word_1_181' title='bbox 257 4045 390 4109; x_wconf 86' lang='lat' dir='ltr'>Dessau</span> <span class='ocrx_word' id='word_1_182' title='bbox 415 4048 520 4132; x_wconf 90' lang='lat'>8170:</span> 
     </span>
    </p>
   </div>
   <div class='ocr_carea' id='block_1_3' title="bbox 249 4165 1409 4851">
    <p class='ocr_par' dir='ltr' id='par_1_4' title="bbox 253 4165 1409 4575">
     <span class='ocr_line' id='line_1_30' title="bbox 298 4165 1361 4249; baseline 0.01 -22"><span class='ocrx_word' id='word_1_183' title='bbox 298 4165 427 4246; x_wconf 71' lang='grc' dir='ltr'><em>Ιῐύφύχν</em></span> <span class='ocrx_word' id='word_1_184' title='bbox 454 4168 572 4232; x_wconf 76' lang='grc' dir='ltr'><em>Μίδων·</em></span> <span class='ocrx_word' id='word_1_185' title='bbox 596 4168 692 4240; x_wconf 75' lang='grc' dir='ltr'><em>οὐδεὶς</em></span> <span class='ocrx_word' id='word_1_186' title='bbox 718 4168 885 4240; x_wconf 64' lang='grc' dir='ltr'><em>ἀθάνατος·</em></span> <span class='ocrx_word' id='word_1_187' title='bbox 910 4169 963 4234; x_wconf 68' lang='grc' dir='ltr'>καὶ</span> <span class='ocrx_word' id='word_1_188' title='bbox 988 4171 1001 4234; x_wconf 82' lang='grc' dir='ltr'><em>ὂ</em></span> <span class='ocrx_word' id='word_1_189' title='bbox 1028 4179 1185 4249; x_wconf 74' lang='grc' dir='ltr'><em>Ἧρννκλῆς</em></span> <span class='ocrx_word' id='word_1_190' title='bbox 1210 4173 1361 4239; x_wconf 70' lang='grc' dir='ltr'>ἀπέθανε.</span> 
     </span>
     <span class='ocr_line' id='line_1_31' title="bbox 253 4338 1409 4414; baseline 0.014 -29"><span class='ocrx_word' id='word_1_191' title='bbox 253 4338 318 4386; x_wconf 89' lang='lat' dir='ltr'>risti.</span> <span class='ocrx_word' id='word_1_192' title='bbox 347 4341 466 4390; x_wconf 85' lang='lat' dir='ltr'>Decessit</span> <span class='ocrx_word' id='word_1_193' title='bbox 495 4342 562 4391; x_wconf 91' lang='lat' dir='ltr'>filius</span> <span class='ocrx_word' id='word_1_194' title='bbox 588 4348 654 4392; x_wconf 89' lang='lat' dir='ltr'>tuus.</span> <span class='ocrx_word' id='word_1_195' title='bbox 679 4342 730 4392; x_wconf 93' lang='lat' dir='ltr'>huc</span> <span class='ocrx_word' id='word_1_196' title='bbox 749 4343 835 4392; x_wconf 88' lang='lat' dir='ltr'>omnis</span> <span class='ocrx_word' id='word_1_197' title='bbox 860 4343 909 4393; x_wconf 88' lang='lat' dir='ltr'>ista</span> <span class='ocrx_word' id='word_1_198' title='bbox 928 4359 994 4409; x_wconf 88' lang='lat' dir='ltr'>quae</span> <span class='ocrx_word' id='word_1_199' title='bbox 1013 4345 1042 4393; x_wconf 93' lang='lat' dir='ltr'>in</span> <span class='ocrx_word' id='word_1_200' title='bbox 1061 4345 1118 4395; x_wconf 86' lang='lat' dir='ltr'>foro</span> <span class='ocrx_word' id='word_1_201' title='bbox 1136 4346 1231 4414; x_wconf 78' lang='lat' dir='ltr'>litigat,</span> <span class='ocrx_word' id='word_1_202' title='bbox 1251 4348 1278 4397; x_wconf 89' lang='lat' dir='ltr'>in</span> <span class='ocrx_word' id='word_1_203' title='bbox 1299 4349 1409 4400; x_wconf 84' lang='lat' dir='ltr'>theatris</span> 
     </span>
     <span class='ocr_line' id='line_1_32' title="bbox 254 4424 1082 4495; baseline 0.012 -23"><span class='ocrx_word' id='word_1_204' title='bbox 254 4424 362 4491; x_wconf 84' lang='lat' dir='ltr'>desidet,</span> <span class='ocrx_word' id='word_1_205' title='bbox 381 4426 409 4475; x_wconf 91' lang='lat' dir='ltr'>in</span> <span class='ocrx_word' id='word_1_206' title='bbox 429 4429 534 4493; x_wconf 88' lang='lat' dir='ltr'>templis</span> <span class='ocrx_word' id='word_1_207' title='bbox 553 4437 674 4494; x_wconf 86' lang='lat' dir='ltr'>precatur</span> <span class='ocrx_word' id='word_1_208' title='bbox 691 4431 766 4479; x_wconf 85' lang='lat' dir='ltr'>turba</span> <span class='ocrx_word' id='word_1_209' title='bbox 785 4431 883 4495; x_wconf 76' lang='lat' dir='ltr'>dispari</span> <span class='ocrx_word' id='word_1_210' title='bbox 902 4431 982 4495; x_wconf 86' lang='lat' dir='ltr'>gradu</span> <span class='ocrx_word' id='word_1_211' title='bbox 1002 4432 1082 4482; x_wconf 87' lang='lat' dir='ltr'>vadit.</span> 
     </span>
     <span class='ocr_line' id='line_1_33' title="bbox 253 4510 1027 4575; baseline 0.012 -17"><span class='ocrx_word' id='word_1_212' title='bbox 253 4510 285 4559; x_wconf 84' lang='lat' dir='ltr'>cf.</span> <span class='ocrx_word' id='word_1_213' title='bbox 307 4512 371 4561; x_wconf 88' lang='lat' dir='ltr'>Bch.</span> <span class='ocrx_word' id='word_1_214' title='bbox 394 4525 474 4575; x_wconf 85' lang='lat'>1310:</span> <span class='ocrx_word' id='word_1_215' title='bbox 511 4515 561 4564; x_wconf 90' lang='lat' dir='ltr'>huc</span> <span class='ocrx_word' id='word_1_216' title='bbox 581 4516 665 4565; x_wconf 89' lang='lat' dir='ltr'>omnis</span> <span class='ocrx_word' id='word_1_217' title='bbox 685 4517 746 4565; x_wconf 85' lang='lat' dir='ltr'>fatis</span> <span class='ocrx_word' id='word_1_218' title='bbox 766 4518 841 4566; x_wconf 88' lang='lat' dir='ltr'>turba</span> <span class='ocrx_word' id='word_1_219' title='bbox 859 4518 949 4567; x_wconf 89' lang='lat' dir='ltr'>relicta</span> <span class='ocrx_word' id='word_1_220' title='bbox 967 4519 1027 4568; x_wconf 86' lang='lat' dir='ltr'>ruit.</span> 
     </span>
    </p>

    <p class='ocr_par' dir='ltr' id='par_1_5' title="bbox 249 4597 1223 4754">
     <span class='ocr_line' id='line_1_34' title="bbox 303 4597 1223 4671; baseline 0.013 -25"><span class='ocrx_word' id='word_1_221' title='bbox 303 4598 366 4647; x_wconf 90' lang='lat' dir='ltr'>Bch.</span> <span class='ocrx_word' id='word_1_222' title='bbox 388 4597 470 4662; x_wconf 91' lang='lat'>1489:</span> <span class='ocrx_word' id='word_1_223' title='bbox 508 4610 643 4652; x_wconf 88' lang='lat' dir='ltr'>nascentes</span> <span class='ocrx_word' id='word_1_224' title='bbox 662 4603 786 4653; x_wconf 90' lang='lat' dir='ltr'>morimur</span> <span class='ocrx_word' id='word_1_225' title='bbox 805 4603 916 4668; x_wconf 88' lang='lat' dir='ltr'>finisque</span> <span class='ocrx_word' id='word_1_226' title='bbox 935 4605 969 4654; x_wconf 85' lang='lat' dir='ltr'>ab</span> <span class='ocrx_word' id='word_1_227' title='bbox 988 4606 1089 4669; x_wconf 84' lang='lat' dir='ltr'>origine</span> <span class='ocrx_word' id='word_1_228' title='bbox 1109 4609 1223 4671; x_wconf 87' lang='lat' dir='ltr'>pendet.</span> 
     </span>
     <span class='ocr_line' id='line_1_35' title="bbox 249 4684 716 4754; baseline 0.015 -22"><span class='ocrx_word' id='word_1_229' title='bbox 249 4690 275 4732; x_wconf 90' lang='lat' dir='ltr'>et</span> <span class='ocrx_word' id='word_1_230' title='bbox 294 4684 357 4734; x_wconf 91' lang='lat' dir='ltr'>Bch.</span> <span class='ocrx_word' id='word_1_231' title='bbox 378 4685 438 4751; x_wconf 84' lang='lat'>516,</span> <span class='ocrx_word' id='word_1_232' title='bbox 458 4686 518 4753; x_wconf 80' lang='lat'>998,</span> <span class='ocrx_word' id='word_1_233' title='bbox 542 4697 618 4754; x_wconf 78' lang='lat'>1542,</span> <span class='ocrx_word' id='word_1_234' title='bbox 641 4697 716 4753; x_wconf 84' lang='lat'>1543.</span> 
     </span>
    </p>

    <p class='ocr_par' dir='ltr' id='par_1_6' title="bbox 288 4769 1404 4851">
     <span class='ocr_line' id='line_1_36' title="bbox 288 4769 1404 4851; baseline 0.014 -33"><span class='ocrx_word' id='word_1_235' title='bbox 288 4769 314 4836; x_wconf 89' lang='lat'>1)</span> <span class='ocrx_word' id='word_1_236' title='bbox 333 4771 365 4822; x_wconf 85' lang='lat' dir='ltr'>cs.</span> <span class='ocrx_word' id='word_1_237' title='bbox 387 4771 477 4821; x_wconf 89' lang='lat' dir='ltr'>Senec.</span> <span class='ocrx_word' id='word_1_238' title='bbox 495 4774 528 4822; x_wconf 83' lang='lat' dir='ltr'>ad</span> <span class='ocrx_word' id='word_1_239' title='bbox 548 4774 698 4824; x_wconf 85' lang='lat' dir='ltr'>Gallionem</span> <span class='ocrx_word' id='word_1_240' title='bbox 718 4775 750 4825; x_wconf 91' lang='lat' dir='ltr'>de</span> <span class='ocrx_word' id='word_1_241' title='bbox 769 4777 890 4826; x_wconf 88' lang='lat' dir='ltr'>remediis</span> <span class='ocrx_word' id='word_1_242' title='bbox 910 4777 1075 4828; x_wconf 82' lang='lat' dir='ltr'>fortuitorum</span> <span class='ocrx_word' id='word_1_243' title='bbox 1094 4781 1114 4829; x_wconf 92' lang='lat'>1.</span> <span class='ocrx_word' id='word_1_244' title='bbox 1135 4795 1161 4847; x_wconf 80' lang='lat'>2,</span> <span class='ocrx_word' id='word_1_245' title='bbox 1176 4782 1242 4848; x_wconf 79' lang='lat'><em>3311</em></span> <span class='ocrx_word' id='word_1_246' title='bbox 1253 4781 1404 4851; x_wconf 87' lang='lat' dir='ltr'>(morieris).</span> 
     </span>
    </p>
   </div>
   <div class='ocr_carea' id='block_1_4' title="bbox 0 0 1588 5476">
    <p class='ocr_par' dir='ltr' id='par_1_7' title="bbox 0 0 1588 5476">
     <span class='ocr_line' id='line_1_37' title="bbox 0 0 1588 5476; baseline 0 0"><span class='ocrx_word' id='word_1_247' title='bbox 0 0 1588 5476; x_wconf 95' lang='lat' dir='ltr'> </span> 
     </span>
    </p>
   </div>
  </div>
 </body>
</html>
