3134 5476
678 445 713 512 15

120 615 333 699 exspectatio
364 611 436 677 fore
468 621 506 676 ut
537 619 657 675 exacta
689 612 760 675 vita
791 610 938 675 hominis
969 611 1097 696 aliquid
1125 614 1270 696 supersit

120 737 260 801 rationis
297 752 525 816 sensuumque
562 752 713 815 compos.
747 730 901 814 Quorum
931 732 965 796 in
999 753 1140 798 numero
1171 753 1270 797 unus·

122 858 266 940 quisque
290 854 458 920 concedet
481 852 566 917 haec
591 872 663 916 esse
688 850 865 916 habenda:

125 976 207 1041 Bch.
238 988 338 1057 1105:
398 974 464 1037 Hic
483 993 558 1038 sum
580 973 710 1057 positus
730 974 788 1056 qui
808 994 943 1057 semper
954 974 1026 1037 sine
1039 974 1180 1038 crimine
1193 975 1273 1039 vixi.

397 1103 433 1158 et
453 1113 556 1177 quem
577 1094 623 1156 mi
644 1093 787 1158 dederat
807 1114 942 1158 cursum
963 1093 1117 1158 Fortuna
1132 1095 1275 1179 peregit.

397 1216 492 1278 cuius
515 1233 615 1278 ossua
638 1223 673 1278 et
697 1214 829 1278 cineres
852 1213 908 1278 hic
930 1213 1017 1298 lapis
1040 1214 1132 1278 intus
1158 1214 1274 1280 habet.

124 1335 205 1400 Bch.
228 1335 346 1417 403.8:
393 1341 428 1398 et
448 1333 532 1397 cinis
552 1334 586 1396 in
603 1331 741 1396 tumulis
753 1333 842 1396 iacet
855 1341 890 1397 et
901 1334 974 1398 sine
988 1336 1125 1400 nomine
1138 1356 1271 1420 corpus.

124 1455 206 1520 Bch.
229 1470 313 1537 405:
393 1452 533 1518 abstulit
557 1474 624 1517 una
649 1452 721 1516 dies
743 1454 858 1517 anima
881 1473 1072 1538 corpusque
1095 1457 1228 1521 simitur

398 1575 479 1638 arsit
510 1582 545 1638 et
575 1575 610 1637 in
642 1574 772 1638 cineres
802 1575 891 1638 iacet
922 1573 977 1638 hic
1002 1596 1137 1641 versum
1160 1580 1272 1662 adque

1136 1699 1272 1788 [favilla.

125 1816 207 1881 Βοὴ.
229 1833 348 1902 4o9.5:
394 1839 469 1883 sum
493 1819 619 1883 deinde
643 1820 728 1882 cinis
750 1818 794 1882 de
819 1817 926 1882 milite
950 1817 1069 1883 factus.

125 1937 206 2002 Βοὴ.
236 1940 373 2021 1158.5:
398 1946 434 2004 et
457 1942 561 2004 modo
586 1960 673 2023 quae
698 1938 807 2003 fuerat
830 1939 910 2017 filia,
936 1961 1024 2005 nunc
1048 1940 1133 2005 cinis
1156 1948 1218 2004 est.

125 2057 206 2121 Βοὴ.
235 2072 370 2141 1205.5:
395 2059 450 2124 hic
474 2060 569 2124 iaceo
594 2058 712 2123 infelix
735 2060 819 2123 cinis
843 2068 879 2123 et
902 2060 1081 2125 combusta
1104 2059 1228 2126 favilla.

125 2176 206 2241 Bch.
236 2193 370 2260 1245.4:
394 2179 449 2243 hic
474 2201 563 2245 nunc
586 2180 650 2245 sub
673 2179 805 2244 tumulo
829 2179 941 2262 pulvis
965 2189 1000 2245 et
1023 2201 1098 2245 ossa
1121 2182 1220 2246 iacet.

126 2294 168 2358 cs.
192 2296 274 2361 Bch.
299 2313 375 2384 977,
405 2315 497 2382 1232,
527 2316 621 2377 1222,
651 2313 745 2380 1252,
771 2315 865 2381 1310,
891 2298 984 2380 1566.
1006 2301 1080 2380 362,
1107 2317 1201 2384 1145.
1218 2302 1272 2384 63,

125 2415 178 2499 67.
210 2416 278 2480 Kb.
298 2417 375 2498 646,
404 2419 448 2484 A.
463 2420 498 2484 P.
519 2421 588 2485 VII
611 2421 695 2504 728:
721 2421 737 2494 ἡ
762 2424 814 2483 νῦν
837 2418 918 2491 κόνις
943 2428 978 2485 et
1002 2437 1082 2506 739:
1107 2421 1237 2508 (εὐνέτις

124 2533 155 2598 ἐν
178 2532 293 2615 τύμβῳ
317 2532 426 2623 θῆκεν)
451 2536 606 2616 δεξαμένη
631 2527 758 2615 cronio
782 2564 817 2604 τε
841 2539 895 2605 καὶ
921 2539 1027 2605 ὀστέα.

125 2656 206 2720 Βοὴ.
236 2673 337 2740 1135:
396 2659 445 2725 Os
468 2661 572 2725 cineri
597 2663 743 2726 mixtum
768 2662 889 2746 rapido
913 2682 990 2726 cum
1013 2660 1142 2726 decidit
1166 2659 1235 2743 igni

389 2781 582 2865 inseditque
605 2803 707 2865 super
730 2782 817 2847 flava
841 2780 955 2847 favilla
977 2802 1071 2865 rogo,

392 2904 544 2985 pondere
562 2903 716 2968 subiecto
728 2902 750 2987 ¹)
771 2902 928 2967 Thetidis
948 2901 1185 2985 componimur
1197 2920 1273 2964 ossa

390 3030 488 3106 grata
506 3025 614 3106 magis
626 3023 751 3087 Terrae
765 3043 868 3107 quam
880 3023 952 3087 tibe
965 3023 1024 3106 (sic
1034 3023 1067 3104 Ξ),
1081 3022 1164 3084 dure
1177 3019 1273 3103 lapis.
1306 3048 1307 3051 ¹

390 3142 425 3205 id
449 3163 575 3221 sumus,
599 3152 636 3207 ut
662 3145 782 3208 cernis.

126 3257 310 3324 Addantur

128 3379 209 3444 Bch.
232 3381 372 3464 465.20:
396 3403 450 3447 res
472 3382 649 3447 hominurn
673 3385 721 3449 sic
744 3391 823 3449 sunt
846 3391 884 3447 ut
907 3382 1013 3446 citrea
1036 3401 1156 3464 poma:

392 3512 451 3568 aut
478 3512 610 3569 matura
634 3505 761 3569 cadunt
781 3511 840 3568 aut
860 3504 1042 3566 immatura
1060 3497 1264 3584 leguntu12).

127 3620 208 3685 Βοὴ.
226 3638 382 3707 1170.13:
396 3622 532 3689 fortuna
555 3625 663 3688 invisa
683 3631 745 3701 est,
766 3643 844 3706 spes
864 3629 916 3686 est
936 3620 1095 3685 frustrata
1107 3627 1276 3702 parentes,

395 3765 485 3809 mors
509 3753 633 3809 cuncta
655 3745 789 3829 eripuit,
815 3744 888 3808 dira
913 3744 1010 3826 quies
1032 3742 1219 3806 hominum.

129 3861 210 3925 Bch.
240 3863 339 3946 1489:
398 3864 526 3948 Aspice
548 3885 651 3949 quarn
670 3865 784 3929 subito
804 3872 933 3929 marcet
954 3863 1046 3946 quod
1060 3861 1173 3926 floruit
1185 3869 1276 3937 ante,

395 3985 510 4068 aspice
534 4005 637 4068 quam
660 3983 775 4047 subito
799 3984 893 4066 quod
917 3982 1012 4046 stetit
1035 3990 1116 4045 ante
1140 3982 1242 4045 cadit.

396 4111 575 4169 nascentes
587 4102 902 4185 morimurfinisque
911 4101 955 4165 ab
965 4101 1095 4183 origine
1104 4097 1278 4185 pendet³).

135 4255 330 4265 ι---..-.-

164 4382 191 4464 1)
211 4394 367 4462 „Sublesto”
395 4395 509 4446 coniecit
536 4394 687 4459 Stowasser,
714 4391 830 4442 Lexical.
858 4392 1056 4456 Vermutungen
1087 4406 1119 4439 zu
1138 4387 1278 4438 Biiehelers

133 4483 256 4534 Carmina
274 4482 461 4549 Epigraphiea.
483 4482 591 4532 Wiener
610 4479 721 4530 Studien
740 4479 846 4528 XXVII
862 4491 887 4529 2.
907 4492 970 4543 pgg.
990 4488 1141 4540 231—241.

160 4570 190 4639 2)
223 4570 264 4622 Cf.
289 4570 352 4620 Bch.
380 4582 455 4632 1490.
466 4582 491 4618 2.
523 4569 617 4618 Horat.
643 4567 729 4632 Epist.
756 4579 781 4615 2.
808 4578 830 4615 1.
857 4564 904 4628 36:
930 4564 1051 4630 scriptor,
1074 4563 1171 4614 abhinc
1196 4577 1280 4612 annos

131 4664 236 4716 centum
254 4657 301 4723 qui
319 4656 426 4706 decidit.

158 4746 187 4813 3)
210 4759 315 4810 „versus
339 4750 458 4810 sumptus
484 4758 516 4792 ex
540 4741 720 4793 astronomicis
745 4755 812 4806 quae
837 4737 932 4789 Manili
950 4744 1077 4788 vocantur
1095 4737 1142 4787 IV.
1164 4735 1222 4786 16.”
1245 4734 1278 4785 cs.

134 4832 240 4882 Cicero:
258 4831 321 4881 haec
341 4831 395 4881 vita
413 4846 482 4880 mors
502 4837 550 4880 est.
