3134 5476
702 430 740 498 17

141 593 208 657 iam
233 593 428 658 observavit
452 591 494 657 O.
508 593 595 676 Jahn
620 595 654 658 in
679 594 814 678 ephem.
838 593 1007 659 archaeol.
1032 593 1178 659 Berolin.
1196 594 1290 658 1861.

142 734 174 796 P·
199 727 278 794 145:

217 829 333 903 Ἐλπὶς
358 828 412 896 real
437 831 474 896 σὺ
498 830 595 913 Τύχη
620 831 711 910 μέγα
735 832 877 915 χαίρετε,
901 833 954 898 τὸν
978 832 1080 912 λιμέν’
1105 827 1198 914 εὖρον·

308 952 391 1018 οὐδὲν
415 951 483 1030 ἐμοὶ
507 954 619 1034 χὺμῖν,
645 952 777 1036 παίζετε
800 954 871 1028 τοὺς
895 955 969 1033 μετ’
994 953 1062 1032 ἐμέ.

185 1074 395 1159 Quibuscum
429 1075 536 1141 titulis
570 1076 690 1140 horum
726 1078 913 1142 carminum
947 1075 1152 1141 sententiam
1185 1074 1286 1140 velirn
1364 1053 1369 1060 ⁴

140 1216 335 1280 compares:
947 1199 950 1207 '

140 1317 222 1382 Bch.
251 1335 352 1400 1340:
388 1317 528 1393 Munde,
551 1325 626 1382 tuas
649 1316 741 1401 fugio
764 1319 912 1395 insidias,
938 1318 1013 1383 vale
1037 1319 1202 1402 proditor.

140 1435 221 1499 Βοὴ.
248 1451 361 1520 570.3:
386 1458 498 1521 poena
521 1436 584 1501 fuit
607 1439 688 1514 vita,
713 1440 847 1522 requies
868 1439 950 1503 mihi
971 1449 1081 1504 morte
1094 1448 1213 1524 parata
1225 1446 1287 1503 est.

139 1563 174 1619 et
198 1555 317 1621 Senec.
341 1559 384 1621 ad
409 1558 529 1642 Polyb.
554 1560 597 1624 de
621 1559 748 1624 consol.
772 1580 803 1644 9.
828 1576 866 1645 7:
895 1562 953 1644 „In
977 1561 1043 1626 hoc
1067 1571 1139 1627 tam
1158 1561 1288 1646 procel·

139 1674 212 1740 loso
243 1685 278 1741 et
309 1679 344 1742 in
367 1699 486 1743 omnes
510 1688 734 1764 tempestates
757 1683 916 1771 exposito
941 1685 1025 1748 mari
1049 1683 1288 1768 navigantibus

141 1797 250 1861 nullus
273 1807 391 1882 portus
401 1797 426 1885 ¹)
450 1801 513 1864 nisi
537 1803 656 1866 mortis
680 1801 765 1866 est.’'

184 2165 243 2235 53.
267 2153 493 2236 Aegritudine
518 2156 621 2220 etiam
646 2158 801 2239 curisque
825 2155 948 2239 quibus
968 2155 1002 2218 in
1024 2156 1095 2219 vita
1114 2154 1285 2219 sollicitari

139 2271 250 2336 solent
281 2282 316 2337 et
346 2274 467 2339 confici
499 2275 663 2352 homines,
697 2284 849 2339 mortuos
876 2275 994 2358 utique
1018 2276 1179 2339 liberatos
1203 2293 1286 2350 esse,

140 2392 381 2476 sepulcralibus
406 2395 611 2459 carminibus
635 2417 702 2460 non
727 2396 844 2479 paucis
867 2395 1084 2478 significatur.
1106 2395 1145 2459 In
1165 2395 1288 2477 quibus

120 2593 123 2597 .
140 2513 246 2578 titulis
270 2516 453 2579 sescenties
477 2536 589 2579 sermo
613 2524 665 2580 est
684 2516 727 2580 de
746 2517 861 2599 quiete,
882 2536 950 2599 qua
970 2514 1124 2579 fruuntur
1144 2514 1286 2578 mortui:

139 2633 327 2699 identidem
346 2636 504 2718 leguntur
522 2637 626 2702 verba
645 2637 775 2720 qualia:
789 2638 895 2720 quies,
909 2638 1052 2719 requies,
1065 2636 1240 2719 quiescere
1250 2631 1287 2718 ²).

139 2754 234 2838 (Bch.
264 2769 346 2838 1793
370 2756 404 2820 in
428 2756 662 2841 praescriptis:
687 2754 953 2841 requietorium).
1060 2798 1062 2803 π

139 2875 219 2939 Bch.
243 2875 327 2956 460:
353 2876 452 2940 Hanc
476 2878 594 2941 sedem
618 2878 722 2960 longo
747 2878 875 2961 placuit
899 2897 1031 2942 sacrare
1053 2876 1173 2952 labori,

192 2980 195 2986 ¹
308 3053 311 3057 .
350 2997 437 3062 hanc
457 3000 620 3082 requiem,
640 2998 746 3064 fessos
763 3000 904 3064 tandem
926 3020 993 3082 qua
1009 3000 1174 3063 conderet
1192 3006 1285 3062 artus

229 3095 233 3101 ¹
350 3118 472 3202 Ulpius
495 3120 645 3183 emeritis
668 3120 826 3203 longaevi
851 3119 998 3183 muneris
1021 3119 1128 3183 annis.

138 3236 220 3300 Bch.
254 3251 350 3322 3752
382 3238 527 3321 (Dessau
557 3240 675 3324 7977):
708 3239 886 3323 multiplici
918 3259 998 3303 cura
1021 3237 1285 3302 defessus'nunc

964 3355 1113 3446 [securus
1137 3358 1285 3441 quiesco.

139 3477 219 3541 Bch.
246 3492 359 3560 5143:
407 3479 480 3543 Iam
500 3500 618 3543 secura
639 3480 744 3562 quies,
766 3479 895 3543 nullum
915 3479 983 3542 iam
1003 3480 1092 3543 vitae
1112 3459 1286 3562 periclum.

138 3598 219 3662 Bch.
246 3613 381 3680 541.12:
406 3600 461 3664 hic
485 3620 550 3682 ego
574 3599 726 3683 sepultus
746 3600 841 3664 iaceo
861 3599 1082 3683 placidusque
1091 3596 1116 3683 ³)
1136 3601 1286 3681 quiesco.

136 3719 314 3783 Praeterea
343 3719 424 3784 Βοὴ·
448 3740 502 3805 94»
526 3721 581 3804 98,
610 3736 681 3805 Ι37,
707 3736 782 3803 223,
806 3735 883 3804 473,
906 3735 984 3806 477,
1008 3737 1084 3806 497,
1113 3734 1185 3805 507,
1213 3733 1286 3802 5132

143 3886 345 3898 —-———-

178 3962 204 4031 1)
223 3964 256 4013 cs.
271 3963 334 4013 Βοὴ.
354 3973 397 4027 97.
419 3974 464 4026 13:

222 4065 281 4100 cum
299 4050 333 4099 sit
351 4056 456 4115 paratus
475 4055 566 4114 portus
585 4048 776 4098 eiaculantibus
795 4046 835 4113 (id
853 4048 885 4098 de
905 4048 1037 4113 naufragis
1055 4046 1165 4115 dictum)

222 4136 268 4202 qui
286 4152 336 4186 nos
354 4135 468 4201 excipiat
486 4134 520 4184 ad
538 4135 654 4200 quietem
673 4142 817 4200 perpetem.

139 4228 165 4272 et
183 4222 239 4273 Cic.
257 4223 335 4273 Tusc.
355 4222 423 4286 disp.
446 4235 468 4272 r.
486 4234 531 4284 49.
552 4220 616 4271 118:
636 4228 741 4286 portum
761 4221 850 4287 potius
864 4228 982 4286 paratum
999 4222 1076 4271 nobis
1092 4228 1118 4270 et
1135 4219 1283 4285 perfugium

139 4314 267 4374 putemus.

173 4393 202 4460 2)
220 4394 254 4444 ci.
278 4410 346 4460 quae
370 4395 398 4444 in
423 4410 500 4444 carm.
526 4394 622 4444 Christ.
648 4395 746 4460 passim
771 4394 907 4459 leguntur:
930 4394 973 4444 hic
998 4393 1138 4459 requiescit
1164 4393 1192 4442 in
1212 4409 1286 4459 pace,

138 4480 285 4546 requiescat
304 4481 332 4531 in
352 4495 433 4547 pace3
452 4487 479 4531 e't
497 4481 551 4531 Kb.
571 4489 638 4545 520:

348 4566 421 4630 τεῦξε
438 4563 465 4614 δὲ
482 4562 554 4614 τόνδε
572 4563 653 4627 τάφον
671 4565 755 4628 φίλιος
773 4565 846 4623 πόσις
863 4562 989 4627 El'rponoe
1005 4561 1071 4628 ιιιίτῇ

347 4643 374 4697 ol
387 4649 414 4696 r’
431 4645 510 4712 αὐτῷ,
528 4648 683 4708 μετόπισθεν
700 4646 765 4706 ὅπως
781 4645 841 4711 ’ἔχοι
858 4645 1032 4709 ἀμπαύεσθαι.

176 4730 204 4799 3)
221 4733 255 4784 cs.
280 4733 344 4784 Βοὴ.
371 4742 432 4800 559,
453 4744 536 4796 1143:
555 4732 654 4797 placidi
672 4749 771 4784 manes.
789 4732 889 4783 Tibull.
907 4730 962 4799 (ed.
980 4733 1011 4781 L.
1032 4729 1141 4796 Miller)
1160 4743 1185 4780 2.
1195 4744 1221 4793 4.
1230 4743 1281 4794 49:

138 4819 241 4885 placide
259 4821 386 4886 quiescas.

1184 4935 1199 4972 2
1247 4987 1249 4991 .
