3134 5476
684 415 721 481 31

173 580 322 665 Apolog.
347 579 479 645 Socrat.
499 597 542 664 29
553 580 605 645 A:
626 579 662 643 ιδ
680 577 743 659 γάρ
756 604 801 645 τοι
815 577 955 646 θάνατοι
968 579 1108 656 δεδιέναι,
1123 577 1144 646 ὦ
1158 581 1276 663 ἄνδρες,

127 702 210 768 οὐδὲν
245 700 326 767 ἄλλο
358 701 443 767 ἐστὶν
475 700 492 777 ἢ
525 701 623 767 δοκεῖν
655 703 751 784 σοφὸν
783 696 862 767 rium
895 705 939 782 μὴ
971 701 1058 768 ὄντα·
1090 703 1189 771 δοκεῖν
1213 703 1276 786 γὰρ

128 822 239 890 silium
264 822 359 904 ἐστίν,
384 820 404 887 ἃ
429 823 483 886 οὐκ
507 817 597 888 οἶδεν.
624 825 665 889 cs.
690 825 819 889 ibidem
842 843 887 906 40
900 823 1012 907 C-41
1030 826 1062 889 D
1086 827 1202 910 (caput
1227 828 1279 912 32)

127 954 163 1011 et
187 946 346 1030 Xenoph.
371 947 482 1011 Instit.
509 944 590 1030 Cyri
617 946 646 1010 8.
661 962 692 1030 7.
707 962 759 1010 22.

171 1066 315 1132 Aristot.
349 1066 455 1152 Soph.
488 1067 631 1133 Elench.
661 1083 698 1151 17
724 1088 757 1151 p.
787 1068 886 1152 176b.
916 1065 1278 1151 renuntiauerant,

128 1184 145 1261 ἢ
170 1183 332 1258 ἀθάνατος
358 1188 375 1262 ἡ
399 1186 491 1267 ψυχὴ
516 1190 576 1250 τῶν
600 1185 692 1268 ζῷωι,
718 1187 752 1251 οὐ
776 1185 932 1268 διώρισται
956 1195 1021 1260 τοῖς
1046 1196 1186 1260 πολλοῖς.

174 1309 353 1374 Praeterea
380 1308 511 1403 'Rohde
546 1307 598 1372 l.l.
635 1308 668 1372 II
703 1330 736 1392 p.
771 1325 832 1391 393
857 1310 974 1373 adnot.
1002 1327 1020 1392 3
1045 1317 1080 1374 et
1103 1309 1278 1373 Dieterich

130 1430 266 1514 Nekyia
289 1451 322 1513 p.
352 1429 413 1512 136
435 1430 553 1494 adnot.
578 1445 608 1492 2.

174 1551 298 1619 Latina
321 1558 401 1614 sunt
424 1550 527 1613 haec:

129 1671 281 1754 Propert.
308 1671 373 1754 (ed.
400 1671 439 1734 L.
466 1669 623 1755 Mueller)
649 1688 678 1753 3.
693 1687 745 1752 32.
760 1685 820 1754 53:

395 1791 539 1874 (Harum
563 1789 653 1854 nulla
676 1790 763 1854 solet
783 1791 950 1855 rationem
974 1812 1136 1875 quaerere
1150 1793 1280 1877 mundi)

401 1911 474 1976 Nec
499 1911 526 1974 si
551 1919 629 1994 post
650 1910 788 1994 Stygias
806 1910 935 1994 aliquid
949 1911 1092 1976 restabit
1104 1914 1148 1978 ad
1161 1914 1280 1976 undas.

128 2031 216 2094 Ibid.
228 2049 260 2111 4.
273 2048 305 2111 4.
320 2044 376 2112 25:
401 2030 502 2114 (Tum
528 2030 610 2094 mihi
635 2030 786 2094 Naturae
810 2030 916 2094 libeat
940 2032 1132 2114 perdiscere
1157 2033 1280 2116 mores)

223 2168 256 2231 4.
268 2168 300 2231 4.
317 2168 372 2234 39:
397 2148 470 2215 Sub
490 2151 588 2214 terris
600 2150 627 2213 si
641 2151 713 2214 iura
725 2150 837 2214 Deum
850 2159 885 2214 et
897 2159 1069 2215 tormenta
1082 2151 1278 2235 Gigantum,

223 2290 256 2352 4.
268 2289 300 2352 4.
313 2288 373 2352 42:
398 2272 490 2335 Num
510 2280 595 2348 rota,
615 2293 696 2335 num
718 2271 858 2355 scopuli,
880 2293 960 2336 num
976 2273 1049 2337 sitis
1062 2274 1150 2337 inter
1161 2295 1277 2356 aquas,

224 2409 256 2472 4.
267 2410 300 2472 4.
313 2405 371 2474 45:
396 2390 454 2455 An
478 2391 558 2456 ficta
581 2393 615 2455 in
640 2393 778 2456 miseras
802 2394 955 2458 escendit
978 2393 1092 2457 fabula
1114 2402 1236 2476 gentes

223 2529 256 2591 4.
268 2530 300 2593 4.
311 2512 371 2591 46:
397 2513 443 2575 Et
466 2512 569 2576 timor
588 2511 679 2576 haud
699 2513 796 2589 ultra,
816 2534 920 2596 quam
940 2534 1050 2596 rogus,
1064 2534 1138 2578 esse
1151 2522 1277 2597 potest.

125 2630 167 2694 cf.
192 2631 345 2694 eiusdem
373 2650 400 2695 1.
420 2649 543 2715 19.11:

128 2752 221 2835 ,Illic
245 2753 407 2836 quicquid
429 2752 519 2830 ero’‘,
541 2752 599 2816 ubi
619 2752 808 2817 dubitantis
827 2762 880 2817 est
892 2752 973 2817 illud
990 2755 1171 2836 ‚quicquid
1185 2753 1276 2819 ero”.

127 2871 247 2938 Senec.
272 2873 397 2939 Troad.
423 2873 532 2938 chon:
565 2894 682 2937 verum
707 2882 758 2937 est
781 2894 824 2938 au
848 2874 987 2937 timidos
1010 2873 1125 2937 fabula
1148 2875 1277 2958 decipit

565 2995 703 3058 umbras
726 2994 925 3078 corporibus
948 2995 1064 3058 vivere
1087 2993 1254 3060 conditis?

123 3113 233 3179 Tacit.
264 3114 416 3200 Agricol.
439 3116 502 3197 46:
537 3113 574 3180 Si
606 3116 682 3198 quis
714 3115 846 3198 piorum
880 3115 1037 3178 manibus
1059 3115 1165 3192 locus,
1188 3116 1216 3178 si
1241 3124 1277 3180 ut

170 3236 382 3318 sapientibus
405 3236 528 3319 placet,
549 3257 618 3300 non
631 3256 709 3300 cum
721 3255 865 3318 corpore
878 3236 1123 3319 extinguuntur
1136 3255 1279 3318 magnae

173 3356 317 3432 animae,
341 3355 474 3440 placide
498 3357 663 3439 quiescas.

128 3475 170 3539 cf.
194 3475 320 3540 Annal.
349 3477 397 3540 16.
413 3495 454 3559 34
478 3485 512 3540 et
536 3475 656 3542 Senec.
681 3475 724 3539 de
747 3475 993 3557 tranquillitate
1016 3475 1121 3539 animi
1150 3475 1232 3556 148.

172 3595 341 3675 Carmina,
373 3619 460 3682 quae
490 3598 595 3662 talem
627 3596 803 3680 proferunt
834 3599 1051 3673 sententiam,
1075 3596 1185 3680 qualis
1209 3604 1278 3659 est:

126 3717 169 3782 Si
195 3719 330 3801 sapiunt
358 3718 485 3802 aliquid
519 3719 649 3794 Manes,
672 3719 704 3782 si
724 3718 800 3800 quis
822 3727 900 3801 post
924 3717 1041 3782 funera
1063 3738 1187 3794 sensus,
1211 3715 1277 3779 alio

128 3839 366 3904 tractabuntur
387 3837 475 3904 loco.
500 3838 554 3922 (cf.
579 3837 677 3902 huius
700 3837 777 3902 libri
801 3859 830 3902 c.
853 3840 898 3923 4).
