3134 5476
687 403 747 472 115

363 569 459 634 iussit
483 570 575 634 etin
600 570 685 633 caeli
709 570 823 635 lucida
837 569 860 655 ¹)
884 570 1014 655 templa
1037 571 1125 636 tulit.
1206 582 1208 589 '

141 695 289 772 quocum
314 688 488 754 conseras:

143 809 224 874 Βοὴ.
243 823 343 892 1535:
366 817 419 873 set
442 830 511 874 non
536 809 591 874 hic
616 809 727 874 Manis
751 830 814 875 nec
838 810 969 894 templa
992 810 1182 874 Acherusia
1202 809 1292 886 visit,

363 932 407 995 ad
432 930 516 995 caeli
541 932 598 1015 (sc.
612 931 752 1015 templa)
778 932 939 1015 quoniam
963 931 1093 996 tollitur
1116 932 1179 994 iste
1204 931 1291 994 Pius.

142 1059 319 1136 praeterea
349 1051 430 1115 Βοὴ.
465 1052 540 1135 607,
577 1053 677 1136 1389,
715 1069 808 1135 1339.
841 1052 1090 1135 Comparentur
1120 1052 1188 1115 Kb.
1218 1069 1289 1132 104,

142 1171 187 1236 A.
200 1173 236 1236 P.
249 1171 318 1236 VII
342 1172 396 1256 87,
417 1185 491 1256 337,
516 1172 588 1256 587,
609 1171 835 1237 Cholodniak.
860 1173 964 1256 289a.

187 1391 360 1456 Mortuum
384 1392 418 1454 in
443 1391 525 1455 caeli
546 1390 660 1454 sidera
679 1389 867 1453 evolavisse
888 1390 1007 1454 dicunt
1027 1390 1110 1454 haec
1123 1389 1291 1453 carmina:

141 1509 223 1574 Bch.
239 1512 320 1595 569:
367 1532 436 1576 non
459 1520 575 1576 tamen
594 1511 638 1574 ad
659 1509 788 1586 Manes,
810 1510 870 1574 sed
891 1510 975 1574 caeli
988 1511 1031 1574 ad
1044 1510 1156 1574 sidera
1169 1511 1291 1593 pergis.

141 1630 344 1717 Bch.1109:
591 1631 673 1715 quid
698 1651 719 1695 o
744 1651 798 1694 me
822 1632 865 1695 ad
889 1631 1001 1695 sidera
1023 1631 1108 1696 caeli

365 1752 518 1817 ablatum
542 1750 714 1837 quereris?
728 1749 752 1837 ²)

142 1872 224 1937 Βοὴ.
242 1874 343 1955 1834:
367 1894 446 1938 nam
470 1893 566 1938 meus
591 1874 633 1937 ad
658 1872 742 1936 caeli
766 1873 924 1936 transivit
946 1872 1084 1955 spiritus
1107 1880 1208 1936 astra.

140 2002 317 2078 praeterea
353 1995 434 2059 Βοὴ.
476 1995 569 2071 1062,
605 2008 687 2078 7753
723 1994 799 2077 679,
836 2006 929 2077 1407,
966 2009 1065 2076 13473
1099 1991 1291 2057 Christiana

141 2113 218 2190 611,
247 2128 341 2196 1425.
1072 2104 1078 2115 ’

141 2242 176 2298 et
199 2234 281 2299 Βοὴ.
310 2236 409 2301 1061:
434 2234 489 2299 hic
513 2235 642 2318 posita;
667 2255 710 2298 an
728 2254 868 2317 superas
887 2235 1032 2298 convisit
1044 2234 1181 2298 luminis
1193 2254 1290 2298 auras

480 2357 627 2419 innocua
649 2355 797 2419 aeternis
821 2356 961 2419 condita
983 2354 1167 2419 sideribus!

115 2469 367 2540 'Conferantur
390 2475 435 2539 A.
449 2476 485 2540 P.
508 2475 576 2539 VII
601 2476 662 2556 85:

254 2592 342 2660 αἰνέω
366 2588 433 2658 ὅττι
458 2616 513 2674 μιν
539 2594 639 2672 ἐγγὺς
664 2594 853 2673 ἀπήγαγες·
878 2588 897 2669 ἦ
920 2592 983 2676 γὰρ
1009 2592 1023 2658 ὃ
1047 2592 1187 2675 πρέσβυς

300 2714 397 2780 οὐκέθ’
424 2713 495 2796 ὁρᾶν
521 2714 584 2779 ἀπὸ
611 2720 671 2793 γῆς
696 2714 833 2792 ἀστέρας
858 2713 1002 2790 ἠδύνατο.

136 2897 140 2904 ,
186 2836 269 2902 ibid.
296 2855 370 2921 391,
395 2838 455 2918 64³
480 2838 556 2921 669,
583 2838 660 2921 670.

185 3065 243 3129 Ad
267 3078 403 3150 superos
427 3087 504 3131 eum
529 3087 602 3131 esse
626 3074 787 3131 vocatum
811 3067 930 3131 dicunt
953 3066 1055 3131 haec:

141 3186 222 3250 Βοὴ.
240 3200 342 3271 1277:
367 3188 520 3252 Functus
544 3186 713 3251 honorato
737 3187 833 3250 senio
859 3186 1047 3270 plenusque
1071 3187 1202 3250 dierum

371 3326 495 3371 evocor
518 3308 562 3371 ad
588 3327 746 3391 superos:
771 3308 925 3390 pignora,
949 3307 1031 3389 quid
1055 3303 1211 3389 gemitis?

142 3426 222 3491 Βοὴ.
241 3428 342 3491 1288:
367 3427 451 3492 haec
483 3429 556 3492 abit
588 3429 631 3492 ad
656 3448 797 3511 superos
820 3447 898 3491 cum
922 3426 992 3490 filio
1016 3426 1166 3510 Episuco
1189 3424 1293 3488 karis-

1053 3547 1141 3610 simo
1164 3553 1292 3609 nostro.

140 3665 183 3730 cf.
208 3666 291 3731 Βοὴ.
317 3681 391 3750 591,
420 3666 503 3747 1848
529 3676 564 3732 et
588 3666 815 3732 Cholodniak.
841 3681 900 3751 57:
926 3667 1020 3731 cuius
1044 3666 1181 3750 spiritus
1205 3665 1292 3728 inter

142 3788 226 3850 deos
250 3795 406 3871 receptus
430 3795 492 3851 est.

158 3955 160 3959 «
187 3907 226 3970 111
250 3906 357 3971 titulis
381 3906 519 3972 Graecis
542 3927 646 3990 saepe
670 3927 782 3971 sermo
806 3914 858 3970 est

141 4028 184 4090 de
209 4025 380 4110 Olympo:
404 4027 450 4091 A.
464 4029 499 4090 P.
525 4027 594 4123 VII
621 4045 695 4108 241,
722 4028 795 4110 362,
820 4027 897 4110 678.
921 4027 989 4090 Kb.
1016 4026 1090 4090 261.

140 4148 184 4211 de
208 4148 289 4210 sede
314 4146 368 4210 vel
392 4148 534 4211 aedibus
558 4147 665 4211 Iovis:
692 4147 736 4210 A.
751 4148 786 4211 P.
810 4146 879 4210 VII
903 4147 957 4230 96,
981 4162 1035 4230 97,
1065 4163 1135 4228 133,
1162 4162 1234 4229 370.

141 4267 185 4330 de
209 4267 291 4329 diis:
316 4266 361 4329 A.
375 4267 411 4330 P.
438 4266 506 4331 VII
534 4282 607 4351 570.
632 4267 700 4330 Kb.
732 4280 803 4348 125,
830 4282 903 4347 312.

141 4387 185 4450 de
209 4385 292 4450 locis
316 4386 559 4451 immortalium
583 4386 628 4450 A.
643 4386 678 4450 P.
704 4387 772 4450 VII
796 4386 873 4469 673.
897 4385 965 4449 Kb.
996 4401 1066 4469 172,
1094 4387 1168 4448 228.

176 4618 202 4685 1)
220 4619 254 4670 cf.
273 4621 377 4671 Lucret.
398 4634 421 4672 1.
442 4635 519 4688 1014,
540 4635 563 4671 2.
586 4634 662 4686 1039.
681 4621 744 4670 Βοὴ.
764 4620 830 4684 603:
849 4620 963 4669 animam
980 4618 1026 4668 lux
1043 4618 1112 4668 alma
1129 4618 1237 4682 recepit.

173 4706 202 4773 2)
220 4707 253 4756 cf.
273 4708 336 4758 Βοὴ.
359 4721 442 4773 1109:
460 4725 494 4759 ne
514 4710 599 4774 pietus
617 4710 709 4773 ignara
727 4723 840 4774 superna
859 4706 920 4757 sede
940 4713 1073 4772 receptum
1090 4704 1188 4770 lugeat.

145 4801 171 4843 et
190 4810 293 4844 cannen
313 4796 490 4847 Christianum
508 4797 571 4846 Βοὴ.
594 4795 676 4861 1358:
696 4797 880 4861 viventemque
899 4795 949 4844 deo
968 4794 1067 4844 credite
1085 4793 1145 4843 llere
1164 4791 1247 4842 nefas·
