3134 5476
736 378 778 448 39

179 548 227 612 ita
250 549 328 624 sint,
353 568 455 613 nemo
480 548 656 613 mirabitur
677 547 885 612 Graecorum
898 566 1035 630 quoque
1049 554 1084 610 et
1098 545 1331 610 Romanorum

178 677 312 752 partem
348 689 507 752 magnam
543 669 666 733 mortui
702 676 829 732 statum
862 668 909 732 ita
940 667 1089 744 finxisse,
1118 675 1155 731 ut
1179 667 1330 731 animum

177 810 353 854 remanere
388 789 497 853 forma
528 809 693 873 corporea
724 787 778 852 vel
810 788 962 872 corporis
994 796 1115 852 natura
1138 788 1330 871 praeditum

176 917 365 974 censerent.
391 910 483 974 Num
507 908 581 974 fieri
605 917 745 993 possent
768 908 849 973 talia
874 916 909 973 et
933 929 1002 991 quo
1027 909 1142 984 modo,
1163 929 1329 991 nusquam

175 1030 360 1111 rogabatur
384 1008 495 1113 neque
519 1027 607 1093 illius
629 1029 821 1093 sententiae
843 1049 925 1093 suae
948 1027 1052 1092 ullam
1072 1029 1141 1092 lere
1161 1029 1330 1092 rationem

175 1151 377 1215 reddebant.

217 1268 393 1355 Exemplis
417 1270 589 1335 nonnullis
613 1291 684 1335 rem
709 1269 904 1334 illustrabo:

173 1392 278 1475 Verg.
303 1391 392 1455 Aen.
418 1392 449 1455 6.
467 1407 540 1475 292:

240 1512 378 1576 Aeneas
401 1513 555 1576 strictam
578 1512 689 1575 aciem
712 1510 841 1576 umbris
864 1510 1082 1575 venientibus
1105 1510 1216 1586 offert,

372 1641 418 1709 et,
444 1633 478 1696 ni
503 1633 606 1697 docta
630 1653 746 1697 comes
771 1632 883 1696 tenuis
906 1632 980 1696 sine
1003 1651 1147 1716 corpore
1172 1632 1260 1695 vitas

372 1755 558 1818 admoneat
582 1752 725 1816 volitare
750 1772 835 1815 cava
858 1750 920 1814 sub
945 1751 1093 1835 imagine
1117 1751 1255 1827 formae,

371 1876 484 1939 inruat
506 1882 542 1938 et
565 1874 688 1938 frustra
711 1873 800 1937 ferro
824 1873 1019 1938 diverberet
1043 1873 1189 1937 umbras.

216 1997 367 2064 Umbrae
402 1997 514 2080 igitur,
550 1997 622 2061 sine
653 2013 807 2080 corpore,
838 1996 968 2061 habent
999 2003 1115 2060 tamen
1140 2017 1322 2081 corporum

167 2118 329 2202 speciem,
354 2138 498 2201 corpora
522 2117 646 2193 inania,
671 2124 750 2180 sunt
774 2113 888 2180 εἴδωλα
905 2115 938 2201 1).
963 2116 1005 2181 cf.
1030 2117 1112 2181 ibid.
1140 2135 1220 2200 303:
1245 2119 1323 2183 sub-

168 2245 284 2302 vectat
306 2258 451 2321 corpora
474 2237 546 2320 (sed
572 2258 640 2301 non
664 2258 809 2322 corpora
832 2238 911 2301 viva
924 2235 949 2321 ²)
969 2237 1095 2320 cymba
1116 2237 1263 2315 Charon,
1287 2247 1323 2302 et

170 2359 234 2442 306
258 2358 311 2442 (τ-
326 2357 494 2441 Georgica
515 2359 657 2442 4.475):
683 2357 845 2423 defuncta
869 2379 1014 2443 corpora
1038 2359 1119 2423 vita.

170 2478 275 2561 Verg.
300 2477 389 2542 Aen.
414 2475 570 2562 6.314³):
994 2507 996 2510 ·

210 2599 388 2683 (Umbrae)
412 2599 669 2682 tendebantque
695 2619 813 2663 manus
838 2599 931 2683 ripae
956 2600 1124 2664 ulterioris
1147 2622 1273 2666 amore.

296 2719 379 2783 ibid.
392 2719 422 2782 6.
435 2737 503 2802 490
526 2740 617 2803 sqq:

232 2839 281 2905 Ut
304 2840 420 2905 videre
445 2842 554 2905 virum
579 2841 811 2925 fulgentiaque
835 2863 930 2906 arma
953 2863 1014 2927 per
1039 2844 1185 2920 umbraS,

230 2960 360 3042 ingenti
384 2961 556 3045 trepidare
581 2970 691 3026 metu:
717 2984 795 3046 pars
818 2971 951 3028 vertere
974 2973 1081 3047 terga,

229 3099 291 3143 ceu
315 3082 490 3163 quondam
514 3083 644 3166 petiere
668 3090 768 3158 rates,
793 3104 872 3166 pars
894 3083 1014 3147 tollere
1039 3105 1160 3149 vocem

229 3200 405 3281 exiguam:
430 3201 575 3285 inceptus
598 3203 725 3266 clamor
740 3206 948 3287 frustratur
971 3206 1106 3270 hiantis.

294 3320 376 3384 ibid.
402 3320 433 3384 6.
446 3321 511 3401 642
536 3342 629 3405 sqq:

229 3439 307 3502 Pars
331 3440 365 3504 in
390 3442 573 3524 gramineis
596 3451 760 3507 exercent
785 3446 938 3510 membra
962 3445 1149 3529 palaestris,

116 3629 118 3632 y
226 3561 439 3625 contendunt
462 3561 544 3626 ludo
569 3571 604 3627 et
627 3563 719 3627 fulva
744 3563 915 3629 luctantur
939 3566 1081 3645 harena;

227 3700 305 3764 pars
329 3681 474 3765 pedibus
499 3683 666 3766 plaudunt
688 3683 831 3748 choreas
855 3693 890 3749 et
914 3688 1065 3751 carmina
1088 3687 1255 3775 dicunt4).

161 3868 374 3880 -——-——

190 3994 217 4062 1)
244 3997 277 4046 cl.
298 3997 365 4048 Aen.
384 3999 409 4048 6.
420 4000 489 4064 269:
508 4000 610 4070 (Ibant)
628 4020 728 4071 perque
747 4007 839 4058 domos
857 4009 929 4060 Ditis
947 4027 1042 4062 vacuas
1061 4019 1088 4063 et
1107 4015 1200 4065 inania
1219 4033 1308 4083 regna.

156 4083 223 4132 item
243 4083 322 4134 Ovid.
341 4087 448 4137 Metam.
468 4103 493 4151 4.
506 4098 567 4157 510,
589 4091 692 4154 11.670
711 4100 737 4143 et
756 4096 849 4145 Horat.
869 4096 921 4147 Od.
940 4111 998 4160 1.4.
1011 4110 1057 4162 17:
1074 4101 1109 4151 Et
1124 4101 1217 4153 domus
1233 4105 1310 4155 exilis

156 4168 280 4220 Plutonia
297 4171 388 4238 (Hom.
409 4174 459 4223 Od.
483 4187 524 4225 ιο.
536 4176 608 4244 512),
629 4179 691 4243 quia
707 4182 804 4231 umbris
821 4182 953 4251 inanibus,
963 4185 1025 4235 vivo
1035 4202 1145 4253 corpore
1155 4191 1309 4242 vacantibus

156 4255 315 4308 incoluntur.

183 4342 213 4410 2)
231 4343 264 4394 cl.
285 4346 352 4395 Aen.
372 4346 397 4396 6.
409 4358 477 4411 391:
496 4365 607 4416 corpora
626 4353 687 4402 viva
704 4354 777 4404 nesas
798 4355 889 4422 Stygia
909 4365 1009 4408 vectare
1028 4361 1124 4411 carina.

183 4430 212 4496 3)
230 4431 263 4480 cf.
283 4431 457 4494 Quinctilian.
473 4435 548 4486 Decl.
567 4437 593 4488 6.
606 4451 635 4488 11
648 4453 654 4488 ε
672 4440 752 4490 vitam
762 4448 822 4507 post
832 4451 941 4494 mortem
951 4442 1163 4499 futuram'vocat:
1174 4451 1305 4503 ulterioris

152 4517 225 4582 ripae
247 4519 397 4570 stationem.

182 4603 213 4671 4)
232 4605 352 4657 Conferri
380 4608 459 4660 iubeo
478 4611 584 4662 Pindari
603 4613 694 4680 fragm.
713 4617 785 4681 apud
804 4618 891 4684 Bergk
909 4621 937 4669 P.
948 4621 978 4669 L.
990 4620 1041 4671 G.³
1064 4624 1183 4686 1o6.107
1202 4623 1262 4691 (95)
1276 4645 1300 4666 =

155 4690 284 4742 Plutarch.
305 4694 385 4746 Cous.
404 4697 438 4746 ad
458 4698 548 4764 Apoll.
571 4713 621 4751 120
631 4702 653 4751 C
669 4708 695 4752 et
705 4702 738 4754 de
748 4704 851 4755 occulto
862 4706 976 4758 vivendo
989 4720 1057 4772 1130
1068 4711 1099 4776 F,
1109 4709 1188 4760 Ovid.
1198 4712 1304 4763 Metam.

153 4791 178 4839 4.
190 4790 242 4845 443
261 4778 398 4851 (antiquae
417 4784 563 4837 imitamina
581 4788 671 4856 vitae).
