3134 5476
750 381 810 429 112

206 546 288 612 Bch.
306 547 407 630 1289:
431 546 569 610 nomine
587 545 691 630 digna
704 565 792 623 meo,
806 546 898 630 quod
911 555 948 610 tu
961 545 1054 623 mihi,
1067 544 1158 622 kare,
1172 553 1330 629 superste
1379 557 1405 600 -t

519 677 676 732 natorum
700 667 789 731 natis
812 675 846 732 te
871 667 1031 733 incolumi
1055 667 1158 751 vigui.

295 788 337 853 cf.
361 788 443 853 Bch.
473 805 544 871 103,
574 800 667 869 1530,
696 787 791 869 1586.

250 907 412 992 Queritur
435 916 544 972 mater
566 907 651 972 orba
670 907 752 972 Bch.
778 908 871 988 1148,
892 915 990 991 pater
1010 906 1091 971 Bch.
1117 921 1202 992 1057
1224 906 1257 991 (a
1270 907 1404 971 nati

206 1048 346 1111 sperans
368 1028 426 1111 qui
451 1027 547 1092 dedit
571 1027 642 1110 ipse
668 1027 791 1111 rogos).

207 1149 288 1213 Bch.
300 1165 384 1232 429:
432 1147 519 1212 filius
542 1157 594 1212 est
618 1147 739 1212 nobeis
762 1155 870 1223 natus,
896 1167 999 1230 quem
1023 1147 1178 1230 luppiter
1202 1147 1293 1211 altus

431 1267 550 1352 diligat
574 1275 610 1332 et
634 1277 732 1332 natos
754 1267 871 1332 iubeat
894 1286 1056 1351 generare
1080 1266 1213 1332 futuros
1228 1264 1261 1349 ¹).

254 1511 294 1576 In
316 1509 424 1575 titulis
447 1508 586 1574 Graecis
608 1510 730 1573 eadem
754 1508 986 1575 inveniuntur:

209 1632 352 1713 Kb.44:
375 1630 443 1713 Φῶς
471 1628 498 1694 δ’
521 1626 606 1694 ἔλοπ’
629 1629 784 1709 εὐδαίμων
808 1628 927 1701 παῖδας
952 1627 1069 1694 παίδων
1094 1625 1257 1694 ἐπιδοῦσα.

210 1752 307 1817 Idem
331 1752 399 1817 Kb.
424 1752 478 1835 67,
503 1750 583 1816 81b.
608 1751 650 1816 cf.
675 1752 744 1816 Kb.
767 1769 834 1835 449
858 1751 961 1835 (idem
985 1751 1055 1815 sere
1080 1750 1123 1815 A.
1138 1751 1173 1816 Ρ.
1187 1751 1258 1816 VII
1273 1751 1359 1835 228).

209 1874 254 1938 A.
269 1875 304 1939 P.
319 1872 483 1938 V1126o:
507 1867 619 1935 τέκνων
643 1868 739 1935 τέκνα
764 1869 910 1935 λέλονπα.

210 1994 292 2059 ibid.
307 2011 389 2076 331:
435 1989 534 2056 λείπω
555 1989 582 2055 δ’
602 1990 632 2055 ἕν
651 1989 806 2068 ίαλνίμονς
825 1988 970 2069 γαμέτου
988 1987 1080 2072 χίρον
1097 1987 1216 2055 εὐκλέα
1231 1989 1358 2057 παίδων.

210 2114 389 2179 ibid.606:
436 2112 466 2176 ἕν
489 2109 586 2193 βιότῳ
610 2112 766 2192 προλιπὼν
789 2109 859 2176 νίέα
883 2108 1065 2192 γηρωκόμον.

211 2233 253 2298 cf.
277 2233 359 2298 ibid.
385 2248 465 2316 3535
491 2232 611 2298 Catuli.
636 2233 690 2309 61,
715 2249 790 2315 213,
815 2233 956 2297 Lucian.
981 2234 1023 2297 de
1044 2233 1124 2298 luet.
1144 2251 1176 2317 9,
1190 2233 1357 2317 Tyrtaeus

217 2369 265 2418 12.
280 2370 332 2437 29.
347 2371 390 2436 30
421 2352 517 2436 (ng.
553 2353 589 2416 P.
602 2352 642 2416 L.
656 2351 696 2416 G.
723 2348 764 2415 1³
795 2373 829 2435 p.
841 2352 930 2436 403),
964 2353 1174 2419 Mimnernus
1208 2369 1360 2436 2.13,14

215 2475 311 2558 (ng.
336 2474 372 2540 P.
386 2474 425 2537 L.
440 2472 480 2538 G.
506 2469 548 2536 1³
571 2494 605 2556 p.
628 2472 726 2555 409):

347 2591 446 2664 ἄλλος
470 2590 495 2656 δ’
520 2586 560 2657 αὖ
584 2588 701 2655 παίδων
725 2589 914 2664 ἕπνδενίεπαν,
940 2585 979 2656 ὦν
1002 2615 1038 2655 πε
1060 2590 1210 2669 μοίλνππα

418 2711 540 2794 ἱμείρων
564 2710 650 2776 κατα
673 2718 733 2790 γῆς
758 2709 887 2794 ἔρχεται
912 2713 954 2784 είς
978 2710 1095 2789 Ἀίδην.

213 2836 328 2900 isaeus
352 2852 440 2900 2.1o
462 2844 498 2899 et
523 2853 610 2918 quae
633 2830 739 2897 Solon
763 2833 846 2898 dicit
868 2834 961 2917 apud
985 2833 1203 2899 Herodotum
1232 2853 1261 2899 1.
1277 2852 1328 2917 30.

679 3045 874 3056 Ἀ

256 3212 275 3296 ἓ
297 3231 329 3292 4.
354 3212 433 3277 Non
458 3233 582 3295 parvus
605 3220 657 3276 est
680 3232 839 3277 numerus
858 3212 1045 3289 titulorum,
1069 3212 1193 3296 quibus
1213 3219 1363 3277 mortuo·

215 3354 289 3397 rum
325 3333 500 3397 hominum
532 3334 665 3398 animae
696 3334 731 3397 in
762 3333 859 3410 caclo,
891 3335 986 3418 apud
1004 3344 1148 3417 superos,
1173 3334 1208 3398 in
1231 3335 1364 3400 aethere

216 3454 341 3518 versari
365 3453 533 3530 dicuntur,
557 3455 600 3518 de
624 3454 747 3537 quibus
770 3454 892 3519 deinde
917 3455 1150 3537 disputaturus
1172 3475 1248 3518 sum
1263 3451 1298 3539 ²).

260 3575 312 3639 Ea
335 3594 471 3657 quoque
496 3574 612 3657 opinio
634 3583 794 3657 pervetus
813 3594 886 3638 esse
905 3575 1210 3658 vetustissimisque
1223 3583 1260 3639 et
1273 3575 1366 3659 vulgi

212 3695 390 3758 sententiis
410 3702 445 3758 et
465 3692 746 3778 philosophorum
763 3695 926 3760 doctrinis
939 3697 1001 3758 niti
1015 3696 1159 3759 videtur.
1173 3695 1260 3760 Cum
1273 3697 1365 3760 enim

212 3817 371 3892 animam,
396 3816 430 3879 in
454 3817 528 3898 ipsa
553 3823 662 3881 morte
686 3836 706 3880 a
729 3837 871 3900 corpore
896 3817 1109 3894 disiunctam,
1135 3838 1204 3881 non
1224 3818 1366 3882 descen·

214 3938 295 4002 dere
318 3945 397 4000 sunt
420 3937 477 4020 qui
502 3945 624 4020 putent
649 3938 683 4000 in
707 3935 783 4001 loca
802 3947 957 4021 separata
977 3939 1040 4002 sub
1061 3946 1150 4003 terra
1170 3939 1293 4022 posita,
1307 3939 1368 4003 sed

214 4057 358 4122 sublime
391 4056 479 4132 ferri,
505 4077 572 4121 non
597 4048 824 4122 dubitandum
848 4066 911 4134 est,
937 4058 1019 4141 quin
1043 4079 1084 4122 ea
1106 4058 1215 4123 subsit
1239 4059 1368 4142 opinio,

217 4199 237 4241 a
270 4178 391 4241 ceteris
423 4197 524 4259 supra
547 4176 695 4241 laudatis
718 4198 854 4261 prorsus
879 4177 1021 4255 diversa,
1047 4198 1135 4261 quae
1160 4179 1310 4244 animam
1334 4179 1369 4242 in

221 4299 362 4362 deorum
386 4296 523 4360 sedibus
540 4295 653 4362 locum
674 4298 832 4381 assignet.
847 4299 940 4362 Deos
952 4299 1042 4363 enim
1056 4319 1138 4363 mox
1149 4299 1371 4365 existimabat

223 4447 408 4458 ———--

259 4508 285 4582 1)
304 4513 337 4562 cf.
357 4513 452 4565 Plessis
471 4514 513 4565 11.
534 4525 582 4580 52:

343 4600 390 4668 sic,
409 4601 471 4666 quia
490 4603 635 4668 progenitis
653 4610 771 4668 superest
790 4619 804 4653 e
824 4610 947 4669 quattuor
964 4621 1041 4673 unus,

345 4687 472 4753 deprecor
488 4689 532 4740 hic
550 4690 636 4740 saltim
654 4689 703 4756 (sie
710 4689 730 4757 1)
749 4690 819 4741 vivat
838 4699 867 4740 ut
885 4691 963 4743 hossa
981 4692 1057 4760 (sict)
1075 4694 1152 4744 colat.
1172 4701 1198 4745 et
1217 4695 1281 4746 Bch.
1301 4695 1377 4761 1036.

252 4771 281 4840 ο)
300 4773 333 4825 cf.
352 4775 382 4825 B.
401 4776 464 4826 Lier
481 4777 526 4827 1.1.
546 4775 582 4844 ἐς
601 4776 645 4845 38,
664 4789 707 4845 39,
725 4789 767 4840 41.
