3134 5476
752 413 812 478 1¹3

203 575 325 660 vulgus
348 577 382 640 in
408 576 560 661 Olympo
583 598 652 642 non
677 577 823 661 amplius
846 576 1012 655 habitare,
1036 579 1097 643 sed
1122 578 1156 642 in
1181 577 1276 642 caelo
1301 577 1356 643 vel

205 699 239 762 in
264 699 460 781 regionibus
484 699 685 763 sublimibus
708 700 808 764 sedes
832 700 958 765 habere
975 699 1007 785 ¹).

251 818 400 883 Accedit
423 821 516 903 quod
536 821 659 898 anima,
681 828 801 904 utpote
822 842 922 885 aurae
942 820 1051 885 simile
1071 822 1163 904 quid,
1186 842 1262 886 cum
1285 823 1360 904 ipso

206 938 346 1003 aethere
378 938 475 1004 facile
508 939 759 1025 connectitur²)
782 942 1003 1024 eiusdemque
1027 961 1100 1006 esse
1124 950 1264 1005 naturae
1288 961 1358 1004 cre-

208 1061 316 1138 ditur;
349 1081 418 1143 quo
449 1060 488 1125 fit
519 1071 556 1126 ut
588 1060 680 1125 nulla
710 1083 746 1125 re
770 1063 985 1126 contineatur
1008 1062 1099 1146 vulgi
1124 1063 1249 1145 opinio,
1276 1063 1357 1145 quin

206 1188 286 1263 post
321 1189 467 1244 mortem
498 1182 646 1245 animam
678 1182 815 1246 avolare
847 1191 945 1266 putet
969 1184 1003 1247 in
1027 1183 1061 1246 id
1087 1184 1179 1266 quod
1205 1184 1357 1247 eiusdem

207 1308 260 1363 est
282 1302 425 1383 generis,
451 1301 485 1364 in
511 1301 696 1366 aetherem.

253 1418 312 1485 Sin
333 1429 448 1486 autem
462 1421 743 1504 philosophorum
756 1431 951 1506 spectamus
964 1423 1146 1499 doctrinae,
1160 1444 1213 1486 res
1226 1444 1361 1506 prorsus

207 1563 275 1606 non
300 1541 439 1607 aliaest.
453 1544 624 1626 Imprimis
637 1553 948 1609 commemorentur
960 1545 1143 1628 Euripides
1155 1553 1190 1608 et
1203 1543 1309 1608 Stoici
1323 1542 1358 1628 ³).

253 1662 433 1746 Euripides
457 1664 545 1727 inter
569 1673 690 1747 poetas
715 1665 764 1728 vir
787 1666 976 1747 sapientiae
1000 1665 1276 1742 studiosissimus,
1301 1666 1360 1748 qui

206 1784 298 1867 apud
330 1792 485 1867 posteros
516 1786 731 1868 potissimum
762 1787 964 1849 auctoritate
998 1785 1141 1849 multum
1173 1785 1311 1849 valebat
1324 1782 1360 1869 4),

208 1904 439 1988 compluribus
474 1927 616 1989 operum
652 1905 735 1970 locis
769 1904 892 1969 similia
926 1905 1115 1989 profitetur.
1148 1903 1225 1987 Quo
1249 1907 1359 1969 iudice

208 2025 357 2089 animam
389 2026 493 2090 habet
525 2026 629 2090 homo
661 2047 705 2089 ex
735 2027 893 2090 universo
917 2026 1056 2090 aethere
1080 2025 1276 2101 delibatam,
1300 2027 1359 2108 qui

208 2147 260 2210 sui
297 2148 451 2211 conscius
485 2156 587 2229 atque
617 2148 786 2210 animatus
818 2148 929 2211 omnis
952 2148 1042 2212 vitae
1068 2156 1120 2211 est
1144 2147 1358 2229 principium.

208 2269 249 2331 In
292 2268 470 2332 moriendo
513 2276 628 2332 autem
671 2288 748 2332 cum
790 2269 971 2332 discedunt
1009 2288 1132 2351 corpus
1167 2275 1202 2330 et
1237 2267 1359 2343 anima,

209 2397 392 2470 utrumque
427 2409 469 2452 eo
505 2390 595 2452 unde
627 2389 671 2452 sit
694 2387 856 2472 01101115),
881 2408 1004 2471 corpus
1029 2389 1061 2451 in
1087 2396 1223 2464 terram,
1248 2389 1361 2451 anima

208 2511 243 2573 in
267 2509 440 2573 aetherem
464 2510 553 2573 redit
565 2506 600 2590 ⁰),
626 2529 688 2572 nec
713 2517 829 2571 tamen
853 2509 900 2571 ita
924 2516 961 2571 ut
985 2509 1058 2591 ipsa
1082 2528 1143 2590 per
1166 2528 1202 2570 se
1227 2516 1362 2571 constet

209 2631 332 2705 anima,
356 2630 416 2693 sed
441 2638 478 2693 ut
502 2631 537 2693 in
562 2629 736 2694 aetherem
756 2638 896 2712 recepta
915 2628 1008 2693 velut
1028 2628 1175 2693 aetheris
1196 2627 1362 2711 particula

209 2751 259 2813 sui
284 2750 420 2813 conscia
445 2758 621 2813 remaneat
635 2747 670 2833 ¹).

254 2870 301 2933 Et
325 2868 443 2946 Stoici,
467 2890 612 2952 quorum
636 2871 793 2934 doctrina
817 2870 1001 2935 multorum
1022 2870 1197 2933 hominum
1212 2868 1361 2952 pervasit

210 2991 351 3067 animoS,
361 3011 406 3054 ex
418 2991 574 3054 universa
587 2999 700 3054 mente
711 2991 827 3054 divina
835 3011 897 3055 nos
910 2990 1035 3054 habere
1044 2991 1173 3053 animas
1183 2990 1361 3071 decerptas

211 3112 336 3176 docent
350 3108 391 3196 8);
417 3110 582 3175 humanas
609 3110 712 3193 igitur
736 3111 865 3175 animas
888 3130 909 3173 a
934 3119 1048 3174 mente
1069 3110 1185 3173 divina
1205 3130 1274 3173 non
1294 3109 1360 3172 dis·

211 3265 390 3276 ...μ-..-

242 3344 269 3410 1)
287 3345 407 3411 Euripid.
425 3344 517 3412 fragm.
536 3358 604 3410 491:
622 3341 714 3406 ’ὄμνυμι
740 3340 764 3392 δ’
790 3343 851 3405 lapda
875 3340 951 3404 αἰθέρ’
978 3340 1071 3399 σ’[κνσνν
1096 3343 1162 3400 Διός.
1192 3342 1358 3393 simillimum

210 3430 346 3497 Aristoph.
365 3433 525 3499 Thesmoph.
545 3444 606 3497 272.
627 3433 783 3483 Conferatur
802 3433 881 3482 Hom.
901 3431 952 3480 Od.
972 3430 997 3480 6.
1007 3444 1059 3492 240
1078 3446 1137 3479 cum
1157 3442 1218 3494 243.

241 3517 271 3584 2)
289 3519 388 3579 πνεῦμα
400 3540 425 3561 =
438 3516 514 3581 ψυχή
530 3521 563 3571 ab
582 3520 740 3585 Epicharmo
759 3520 811 3568 iarn
829 3525 954 3583 usurpata
969 3516 1110 3583 (Plutarch.
1128 3516 1207 3566 Cons.
1224 3516 1259 3566 ad
1269 3516 1359 3582 Apoll.

214 3605 266 3672 15).
285 3605 318 3657 ci.
338 3607 392 3656 Kb.
414 3605 463 3670 156
482 3603 551 3661 πνσνὶ.
569 3607 690 3672 Euripid.
709 3607 803 3672 Suppl.
824 3616 874 3671 533
894 3612 921 3655 et
939 3605 1031 3670 fragm.
1050 3603 1111 3668 961.

242 3693 271 3761 3)
298 3693 330 3743 cs.
351 3695 449 3744 Lucan.
468 3693 555 3743 Schol.
575 3710 602 3759 p.
622 3694 687 3757 289:
707 3695 762 3744 Alii
778 3695 849 3743 enirn
864 3691 1360 3756 dicuntliberatosavinculocorporis

214 3780 240 3830 in
259 3781 359 3831 caelum
376 3781 480 3847 reverti,
498 3781 568 3830 inter
586 3797 653 3846 quos
669 3789 730 3832 sunt
740 3782 908 3846 Peripatetici
918 3788 944 3831 et
954 3796 1013 3829 cum
1024 3780 1132 3828 Platone
1144 3795 1190 3828 suo
1201 3779 1360 3829 Academici.

242 3867 272 3935 4)
290 3867 323 3918 cf.
342 3883 394 3917 van
414 3867 521 3933 Gelder,
539 3868 600 3933 Alg.
619 3868 714 3919 Gesch.
734 3869 761 3917 II
780 3884 842 3934 pgg.
865 3867 923 3934 148,
943 3867 1003 3917 268.
1021 3865 1131 3916 Authol.
1149 3865 1230 3915 Palat.
1245 3866 1359 3932 Vll,45.

244 3954 272 4021 5)
290 3953 324 4005 cf.
343 3954 406 4004 Bch.
429 3964 510 4020 1559:
548 3955 600 4004 Hic
619 3971 714 4019 corpus
732 3955 799 4005 vatis
819 3955 924 4022 Laberi,
942 3970 1003 4004 nam
1022 3953 1129 4018 spiritus
1148 3953 1196 4003 ivit

546 4041 609 4091 illuc
627 4042 697 4091 unde
716 4049 796 4092 ortus.

214 4134 238 4176 et
245 4127 266 4177 I.
274 4128 345 4177 G.R.
352 4127 414 4178 sasc.
422 4128 448 4178 11
459 4128 523 4192 346:
533 4128 630 4188 πνεῦμα
640 4127 725 4188 λαβὼν
735 4124 806 4184 ddunt
815 4124 938 4188 οὐρανόθεν
947 4123 1058 4182 τελέσας
1068 4126 1155 4187 χρόνον
1163 4118 1224 4173 αὖτ’
1231 4121 1356 4175 ἀπέδωκα.

243 4214 271 4281 6)
299 4215 400 4265 Dessau
419 4213 503 4280 8520:
522 4216 597 4265 ruina
616 4216 722 4281 parietis
741 4232 880 4281 oppressus
899 4222 1006 4265 naturae
1025 4214 1148 4264 socialem
1168 4213 1288 4278 spiritum
1306 4229 1361 4262 cor-

215 4317 316 4366 pusque
344 4302 440 4368 origini
465 4303 588 4353 reddidit.
607 4303 640 4353 cs.
659 4303 780 4369 Euripid.
798 4302 888 4368 fragm.
908 4301 969 4369 836,
988 4301 1082 4367 Suppl.
1104 4314 1182 4367 1140,
1200 4300 1296 4350 Electr.
1318 4310 1360 4365 59.

215 4388 474 4454 Pseudophocylidea
496 4400 555 4456 107,
577 4389 635 4441 108.

244 4474 272 4541 7)
290 4474 324 4526 cf.
343 4475 462 4542 Euripid.
483 4476 580 4526 Helen.
602 4490 684 4540 1014:

391 4560 404 4609 ri
423 4563 477 4618 νοῦς
491 4559 496 4627 Ι
511 4567 560 4610 τῶν
575 4561 745 4610 κατθανόντων
763 4561 796 4626 ζῇ
814 4560 860 4623 μὲν
877 4558 914 4618 ob‘,
929 4560 1029 4624 γνώμην
1047 4558 1069 4610 δ’
1086 4558 1144 4623 ’ἔχει

245 4725 273 4786 8)
291 4726 325 4777 cs.
352 4724 515 4789 ἀπόσπασμα
539 4729 586 4776 τοῦ
612 4725 673 4787 θεοῦ,
700 4726 752 4776 θεία
775 4726 908 4789 ἀπόμοιρα,
923 4727 1048 4790 triptota.
1067 4728 1129 4778 Bch.
1152 4725 1233 4778 1108:
1253 4727 1360 4792 spiritus

216 4813 323 4865 diffusus
341 4815 370 4864 in
390 4816 502 4881 patrium
521 4821 572 4866 aer.
592 4815 682 4866 Senec.
702 4816 779 4880 epist.
797 4832 862 4866 mor.
879 4829 921 4866 20.
931 4829 956 4881 3.
971 4830 1016 4879 14:
1032 4832 1106 4866 mens
1121 4815 1174 4882 dei,
1188 4827 1223 4864 ex
1239 4830 1291 4878 quo
1303 4830 1362 4879 pars

1262 4915 1278 4966 8
