<?xml version="1.0" encoding="UTF-8"?>
<!DOCTYPE html PUBLIC "-//W3C//DTD XHTML 1.0 Transitional//EN"
    "http://www.w3.org/TR/xhtml1/DTD/xhtml1-transitional.dtd">
<html xmlns="http://www.w3.org/1999/xhtml" xml:lang="en" lang="en">
 <head>
  <title>
</title>
<meta http-equiv="Content-Type" content="text/html;charset=utf-8" />
  <meta name='ocr-system' content='tesseract 3.04.00' />
  <meta name='ocr-capabilities' content='ocr_page ocr_carea ocr_par ocr_line ocrx_word'/>
</head>
<body>
  <div class='ocr_page' id='page_1' title='image "./quaedehominumpo00bleegoog_0064.png"; bbox 0 0 3134 5476; ppageno 0'>
   <div class='ocr_carea' id='block_1_1' title="bbox 760 390 799 452">
    <p class='ocr_par' dir='ltr' id='par_1_1' title="bbox 760 390 799 452">
     <span class='ocr_line' id='line_1_1' title="bbox 760 390 799 452; baseline 0 -17"><span class='ocrx_word' id='word_1_1' title='bbox 760 390 799 452; x_wconf 87' lang='lat'><strong>41</strong></span> 
     </span>
    </p>
   </div>
   <div class='ocr_carea' id='block_1_2' title="bbox 203 545 1357 1360">
    <p class='ocr_par' dir='ltr' id='par_1_2' title="bbox 359 545 1229 753">
     <span class='ocr_line' id='line_1_2' title="bbox 359 545 1229 632; baseline 0 -19"><span class='ocrx_word' id='word_1_2' title='bbox 359 547 412 613; x_wconf 73' lang='grc' dir='ltr'><strong>καὶ</strong></span> <span class='ocrx_word' id='word_1_3' title='bbox 438 549 510 632; x_wconf 82' lang='grc' dir='ltr'><strong>ζωὸς</strong></span> <span class='ocrx_word' id='word_1_4' title='bbox 535 549 612 617; x_wconf 68' lang='grc' dir='ltr'><strong>τάδε</strong></span> <span class='ocrx_word' id='word_1_5' title='bbox 634 557 758 631; x_wconf 80' lang='grc' dir='ltr'><strong><em>μοῦνον,</em></strong></span> <span class='ocrx_word' id='word_1_6' title='bbox 781 551 803 618; x_wconf 79' lang='grc' dir='ltr'><strong><em>ἃ</em></strong></span> <span class='ocrx_word' id='word_1_7' title='bbox 829 552 882 616; x_wconf 75' lang='lat' dir='ltr'><strong>aad</strong></span> <span class='ocrx_word' id='word_1_8' title='bbox 909 550 995 623; x_wconf 81' lang='grc' dir='ltr'><em>νέκυς</em></span> <span class='ocrx_word' id='word_1_9' title='bbox 1022 545 1078 616; x_wconf 77' lang='grc' dir='ltr'><strong>ὦδε</strong></span> <span class='ocrx_word' id='word_1_10' title='bbox 1103 546 1229 631; x_wconf 72' lang='grc' dir='ltr'><strong><em>κομίζω,</em></strong></span> 
     </span>
     <span class='ocr_line' id='line_1_3' title="bbox 448 667 1166 753; baseline 0 -17"><span class='ocrx_word' id='word_1_11' title='bbox 448 667 546 753; x_wconf 79' lang='grc' dir='ltr'><strong><em>εἶχον·</em></strong></span> <span class='ocrx_word' id='word_1_12' title='bbox 571 673 624 737; x_wconf 81' lang='grc' dir='ltr'><strong>ὑπ’</strong></span> <span class='ocrx_word' id='word_1_13' title='bbox 649 675 751 751; x_wconf 76' lang='grc' dir='ltr'><strong><em>ἠελίου</em></strong></span> <span class='ocrx_word' id='word_1_14' title='bbox 775 673 802 738; x_wconf 74' lang='grc' dir='ltr'><strong>δ’</strong></span> <span class='ocrx_word' id='word_1_15' title='bbox 827 674 892 740; x_wconf 72' lang='grc' dir='ltr'><strong>οὔτε</strong></span> <span class='ocrx_word' id='word_1_16' title='bbox 917 673 1052 737; x_wconf 75' lang='grc' dir='ltr'><strong>λέλοιπα</strong></span> <span class='ocrx_word' id='word_1_17' title='bbox 1076 669 1166 752; x_wconf 75' lang='grc' dir='ltr'><strong><em>Φοέεο.</em></strong></span> 
     </span>
    </p>

    <p class='ocr_par' dir='ltr' id='par_1_3' title="bbox 203 791 1357 1120">
     <span class='ocr_line' id='line_1_4' title="bbox 249 791 1354 879; baseline 0.003 -26"><span class='ocrx_word' id='word_1_18' title='bbox 249 791 288 854; x_wconf 94' lang='lat' dir='ltr'><strong>In</strong></span> <span class='ocrx_word' id='word_1_19' title='bbox 319 791 425 856; x_wconf 92' lang='lat' dir='ltr'><strong>titulis</strong></span> <span class='ocrx_word' id='word_1_20' title='bbox 455 795 699 879; x_wconf 89' lang='lat' dir='ltr'><strong>sepulcralibus</strong></span> <span class='ocrx_word' id='word_1_21' title='bbox 722 797 835 861; x_wconf 93' lang='lat' dir='ltr'><strong>latinis</strong></span> <span class='ocrx_word' id='word_1_22' title='bbox 860 817 927 860; x_wconf 92' lang='lat' dir='ltr'><strong>non</strong></span> <span class='ocrx_word' id='word_1_23' title='bbox 953 795 1060 859; x_wconf 89' lang='lat' dir='ltr'><strong>multa</strong></span> <span class='ocrx_word' id='word_1_24' title='bbox 1083 803 1161 858; x_wconf 92' lang='lat' dir='ltr'><strong>sunt</strong></span> <span class='ocrx_word' id='word_1_25' title='bbox 1184 792 1354 877; x_wconf 87' lang='lat' dir='ltr'><strong>exempla,</strong></span> 
     </span>
     <span class='ocr_line' id='line_1_5' title="bbox 204 911 1354 1000; baseline 0.002 -26"><span class='ocrx_word' id='word_1_26' title='bbox 204 911 327 993; x_wconf 92' lang='lat' dir='ltr'><strong>quibus</strong></span> <span class='ocrx_word' id='word_1_27' title='bbox 351 913 394 977; x_wconf 92' lang='lat' dir='ltr'><strong>de</strong></span> <span class='ocrx_word' id='word_1_28' title='bbox 414 923 625 980; x_wconf 90' lang='lat' dir='ltr'><strong>mortuorum</strong></span> <span class='ocrx_word' id='word_1_29' title='bbox 646 938 789 1000; x_wconf 89' lang='lat' dir='ltr'><strong>corpore</strong></span> <span class='ocrx_word' id='word_1_30' title='bbox 809 916 864 980; x_wconf 88' lang='lat' dir='ltr'><strong>vel</strong></span> <span class='ocrx_word' id='word_1_31' title='bbox 877 916 1029 1000; x_wconf 90' lang='lat' dir='ltr'><strong>corporis</strong></span> <span class='ocrx_word' id='word_1_32' title='bbox 1041 916 1155 998; x_wconf 88' lang='lat' dir='ltr'><strong>specie</strong></span> <span class='ocrx_word' id='word_1_33' title='bbox 1168 934 1280 977; x_wconf 85' lang='lat' dir='ltr'><strong>sermo</strong></span> <span class='ocrx_word' id='word_1_34' title='bbox 1293 920 1354 976; x_wconf 92' lang='lat' dir='ltr'><strong>est.</strong></span> 
     </span>
     <span class='ocr_line' id='line_1_6' title="bbox 203 1031 1357 1120; baseline 0 -26"><span class='ocrx_word' id='word_1_35' title='bbox 203 1031 375 1116; x_wconf 88' lang='lat' dir='ltr'><strong>Bch.492.</strong></span> <span class='ocrx_word' id='word_1_36' title='bbox 393 1051 449 1098; x_wconf 92' lang='lat'><strong>11:</strong></span> <span class='ocrx_word' id='word_1_37' title='bbox 473 1033 562 1099; x_wconf 92' lang='lat' dir='ltr'><strong>hanc</strong></span> <span class='ocrx_word' id='word_1_38' title='bbox 587 1057 707 1119; x_wconf 91' lang='lat' dir='ltr'>precor</span> <span class='ocrx_word' id='word_1_39' title='bbox 731 1037 858 1120; x_wconf 90' lang='lat' dir='ltr'>Elysiis</span> <span class='ocrx_word' id='word_1_40' title='bbox 882 1036 1000 1100; x_wconf 89' lang='lat' dir='ltr'><strong>iubeas</strong></span> <span class='ocrx_word' id='word_1_41' title='bbox 1020 1035 1206 1099; x_wconf 88' lang='lat' dir='ltr'><strong>consistere</strong></span> <span class='ocrx_word' id='word_1_42' title='bbox 1227 1032 1357 1116; x_wconf 91' lang='lat' dir='ltr'><strong>campis</strong></span> 
     </span>
    </p>

    <p class='ocr_par' dir='ltr' id='par_1_4' title="bbox 205 1152 1321 1360">
     <span class='ocr_line' id='line_1_7' title="bbox 472 1152 1321 1240; baseline -0.005 -22"><span class='ocrx_word' id='word_1_43' title='bbox 472 1164 507 1219; x_wconf 92' lang='lat' dir='ltr'><strong>et</strong></span> <span class='ocrx_word' id='word_1_44' title='bbox 531 1165 645 1240; x_wconf 91' lang='lat' dir='ltr'><strong>myrta</strong></span> <span class='ocrx_word' id='word_1_45' title='bbox 668 1157 826 1221; x_wconf 92' lang='lat' dir='ltr'><strong>redimire</strong></span> <span class='ocrx_word' id='word_1_46' title='bbox 850 1177 966 1221; x_wconf 89' lang='lat' dir='ltr'><strong>comas</strong></span> <span class='ocrx_word' id='word_1_47' title='bbox 990 1163 1025 1218; x_wconf 87' lang='lat' dir='ltr'><strong>et</strong></span> <span class='ocrx_word' id='word_1_48' title='bbox 1048 1163 1205 1237; x_wconf 89' lang='lat' dir='ltr'><strong>tempora</strong></span> <span class='ocrx_word' id='word_1_49' title='bbox 1229 1152 1321 1216; x_wconf 88' lang='lat' dir='ltr'><strong>flore.</strong></span> 
     </span>
     <span class='ocr_line' id='line_1_8' title="bbox 205 1273 1314 1360; baseline -0.001 -22"><span class='ocrx_word' id='word_1_50' title='bbox 205 1273 528 1342; x_wconf 91' lang='lat' dir='ltr'><strong>Bch.1186.16:set</strong></span> <span class='ocrx_word' id='word_1_51' title='bbox 552 1278 586 1341; x_wconf 93' lang='lat' dir='ltr'><strong>in</strong></span> <span class='ocrx_word' id='word_1_52' title='bbox 611 1298 782 1341; x_wconf 89' lang='lat' dir='ltr'><strong>secessum</strong></span> <span class='ocrx_word' id='word_1_53' title='bbox 807 1278 954 1342; x_wconf 93' lang='lat' dir='ltr'><strong>numinis</strong></span> <span class='ocrx_word' id='word_1_54' title='bbox 969 1275 992 1360; x_wconf 83' lang='lat'><strong>¹)</strong></span> <span class='ocrx_word' id='word_1_55' title='bbox 1017 1275 1168 1340; x_wconf 83' lang='lat' dir='ltr'><strong>infernae</strong></span> <span class='ocrx_word' id='word_1_56' title='bbox 1192 1276 1314 1339; x_wconf 92' lang='lat' dir='ltr'><strong>domus</strong></span> 
     </span>
    </p>
   </div>
   <div class='ocr_carea' id='block_1_3' title="bbox 472 1396 1274 1492">
    <p class='ocr_par' dir='ltr' id='par_1_5' title="bbox 472 1396 1274 1492">
     <span class='ocr_line' id='line_1_9' title="bbox 472 1396 1274 1492; baseline -0.002 -32"><span class='ocrx_word' id='word_1_57' title='bbox 472 1397 630 1461; x_wconf 91' lang='lat' dir='ltr'><strong>oficiosus</strong></span> <span class='ocrx_word' id='word_1_58' title='bbox 654 1398 794 1462; x_wconf 91' lang='lat' dir='ltr'><strong>tandem</strong></span> <span class='ocrx_word' id='word_1_59' title='bbox 820 1398 1008 1492; x_wconf 79' lang='lat' dir='ltr'><strong>ministerio</strong></span> <span class='ocrx_word' id='word_1_60' title='bbox 1032 1396 1178 1461; x_wconf 90' lang='lat' dir='ltr'><strong>laetatur</strong></span> <span class='ocrx_word' id='word_1_61' title='bbox 1202 1416 1274 1458; x_wconf 91' lang='lat' dir='ltr'><strong>suo.</strong></span> 
     </span>
    </p>
   </div>
   <div class='ocr_carea' id='block_1_4' title="bbox 205 1513 1364 2564">
    <p class='ocr_par' dir='ltr' id='par_1_6' title="bbox 205 1513 1359 1721">
     <span class='ocr_line' id='line_1_10' title="bbox 205 1513 1359 1600; baseline -0.001 -23"><span class='ocrx_word' id='word_1_62' title='bbox 205 1513 288 1578; x_wconf 92' lang='lat' dir='ltr'><strong>Bch.</strong></span> <span class='ocrx_word' id='word_1_63' title='bbox 311 1533 395 1598; x_wconf 84' lang='lat'><strong>430:</strong></span> <span class='ocrx_word' id='word_1_64' title='bbox 476 1526 511 1581; x_wconf 91' lang='lat' dir='ltr'><strong>et</strong></span> <span class='ocrx_word' id='word_1_65' title='bbox 534 1516 687 1581; x_wconf 86' lang='lat' dir='ltr'><strong>solamen</strong></span> <span class='ocrx_word' id='word_1_66' title='bbox 712 1518 776 1582; x_wconf 90' lang='lat' dir='ltr'><strong>erit</strong></span> <span class='ocrx_word' id='word_1_67' title='bbox 800 1518 893 1600; x_wconf 94' lang='lat' dir='ltr'><strong>quod</strong></span> <span class='ocrx_word' id='word_1_68' title='bbox 918 1525 953 1581; x_wconf 89' lang='lat' dir='ltr'><strong>te</strong></span> <span class='ocrx_word' id='word_1_69' title='bbox 977 1517 1045 1580; x_wconf 92' lang='lat' dir='ltr'><strong>iam</strong></span> <span class='ocrx_word' id='word_1_70' title='bbox 1066 1516 1202 1598; x_wconf 90' lang='lat' dir='ltr'><strong>iamque</strong></span> <span class='ocrx_word' id='word_1_71' title='bbox 1222 1515 1359 1591; x_wconf 88' lang='lat' dir='ltr'><strong>videbo,</strong></span> 
     </span>
     <span class='ocr_line' id='line_1_11' title="bbox 475 1633 1346 1721; baseline 0 -22"><span class='ocrx_word' id='word_1_72' title='bbox 475 1656 552 1699; x_wconf 94' lang='lat' dir='ltr'><strong>cum</strong></span> <span class='ocrx_word' id='word_1_73' title='bbox 576 1638 647 1700; x_wconf 88' lang='lat' dir='ltr'><strong>vita</strong></span> <span class='ocrx_word' id='word_1_74' title='bbox 670 1636 806 1701; x_wconf 82' lang='lat' dir='ltr'><strong>functus</strong></span> <span class='ocrx_word' id='word_1_75' title='bbox 828 1639 948 1721; x_wconf 92' lang='lat' dir='ltr'><strong>iungar</strong></span> <span class='ocrx_word' id='word_1_76' title='bbox 971 1637 1015 1700; x_wconf 92' lang='lat' dir='ltr'><strong>tis</strong></span> <span class='ocrx_word' id='word_1_77' title='bbox 1028 1633 1053 1720; x_wconf 85' lang='lat'><strong>¹)</strong></span> <span class='ocrx_word' id='word_1_78' title='bbox 1078 1636 1198 1700; x_wconf 91' lang='lat' dir='ltr'><strong>umbra</strong></span> <span class='ocrx_word' id='word_1_79' title='bbox 1222 1636 1346 1719; x_wconf 84' lang='lat' dir='ltr'><strong>figuris.</strong></span> 
     </span>
    </p>

    <p class='ocr_par' dir='ltr' id='par_1_7' title="bbox 205 1754 1357 2082">
     <span class='ocr_line' id='line_1_12' title="bbox 205 1754 1357 1842; baseline 0.002 -24"><span class='ocrx_word' id='word_1_80' title='bbox 205 1754 288 1818; x_wconf 94' lang='lat' dir='ltr'><strong>Bch.</strong></span> <span class='ocrx_word' id='word_1_81' title='bbox 316 1756 396 1837; x_wconf 83' lang='lat'><strong>546:</strong></span> <span class='ocrx_word' id='word_1_82' title='bbox 473 1756 593 1820; x_wconf 89' lang='lat' dir='ltr'><strong>saltem</strong></span> <span class='ocrx_word' id='word_1_83' title='bbox 607 1758 700 1841; x_wconf 92' lang='lat' dir='ltr'><strong>quod</strong></span> <span class='ocrx_word' id='word_1_84' title='bbox 713 1767 867 1842; x_wconf 89' lang='lat' dir='ltr'><strong>superest</strong></span> <span class='ocrx_word' id='word_1_85' title='bbox 880 1779 951 1834; x_wconf 93' lang='lat' dir='ltr'><strong>oro,</strong></span> <span class='ocrx_word' id='word_1_86' title='bbox 965 1759 1035 1821; x_wconf 91' lang='lat' dir='ltr'><strong>scio</strong></span> <span class='ocrx_word' id='word_1_87' title='bbox 1049 1777 1197 1840; x_wconf 88' lang='lat' dir='ltr'><strong>namque</strong></span> <span class='ocrx_word' id='word_1_88' title='bbox 1209 1756 1357 1821; x_wconf 84' lang='lat' dir='ltr'><strong>favebis:</strong></span> 
     </span>
     <span class='ocr_line' id='line_1_13' title="bbox 474 1876 1347 1961; baseline 0.002 -21"><span class='ocrx_word' id='word_1_89' title='bbox 474 1876 578 1941; x_wconf 85' lang='lat' dir='ltr'><strong>funde</strong></span> <span class='ocrx_word' id='word_1_90' title='bbox 603 1898 722 1961; x_wconf 89' lang='lat' dir='ltr'><strong>preces</strong></span> <span class='ocrx_word' id='word_1_91' title='bbox 745 1877 903 1942; x_wconf 94' lang='lat' dir='ltr'><strong>subolum</strong></span> <span class='ocrx_word' id='word_1_92' title='bbox 927 1898 967 1941; x_wconf 98' lang='lat' dir='ltr'><strong>ac</strong></span> <span class='ocrx_word' id='word_1_93' title='bbox 990 1877 1080 1941; x_wconf 89' lang='lat' dir='ltr'><strong>votis</strong></span> <span class='ocrx_word' id='word_1_94' title='bbox 1104 1885 1198 1941; x_wconf 92' lang='lat' dir='ltr'><strong>utere</strong></span> <span class='ocrx_word' id='word_1_95' title='bbox 1223 1879 1347 1942; x_wconf 89' lang='lat' dir='ltr'><strong>nostris</strong></span> 
     </span>
     <span class='ocr_line' id='line_1_14' title="bbox 476 1996 1327 2082; baseline 0.002 -23"><span class='ocrx_word' id='word_1_96' title='bbox 476 2004 512 2060; x_wconf 89' lang='lat' dir='ltr'><strong>ut</strong></span> <span class='ocrx_word' id='word_1_97' title='bbox 536 1996 676 2080; x_wconf 86' lang='lat' dir='ltr'><strong>longum</strong></span> <span class='ocrx_word' id='word_1_98' title='bbox 699 1998 790 2062; x_wconf 88' lang='lat' dir='ltr'><strong>vitae</strong></span> <span class='ocrx_word' id='word_1_99' title='bbox 814 1998 916 2063; x_wconf 89' lang='lat' dir='ltr'><strong>liceat</strong></span> <span class='ocrx_word' id='word_1_100' title='bbox 938 1999 1157 2062; x_wconf 86' lang='lat' dir='ltr'><strong>transducere</strong></span> <span class='ocrx_word' id='word_1_101' title='bbox 1181 2007 1327 2082; x_wconf 89' lang='lat' dir='ltr'><strong>tempus.</strong></span> 
     </span>
    </p>

    <p class='ocr_par' dir='ltr' id='par_1_8' title="bbox 207 2114 1280 2202">
     <span class='ocr_line' id='line_1_15' title="bbox 207 2114 1280 2202; baseline 0.003 -24"><span class='ocrx_word' id='word_1_102' title='bbox 207 2114 289 2179; x_wconf 92' lang='lat' dir='ltr'><strong>Bch.</strong></span> <span class='ocrx_word' id='word_1_103' title='bbox 319 2118 419 2200; x_wconf 88' lang='lat'>1098:</span> <span class='ocrx_word' id='word_1_104' title='bbox 475 2138 540 2182; x_wconf 88' lang='lat' dir='ltr'><strong>neu</strong></span> <span class='ocrx_word' id='word_1_105' title='bbox 566 2117 643 2200; x_wconf 82' lang='lat' dir='ltr'><strong>fuge</strong></span> <span class='ocrx_word' id='word_1_106' title='bbox 667 2119 694 2181; x_wconf 93' lang='lat' dir='ltr'><strong>si</strong></span> <span class='ocrx_word' id='word_1_107' title='bbox 718 2126 832 2183; x_wconf 91' lang='lat' dir='ltr'><strong>tecum</strong></span> <span class='ocrx_word' id='word_1_108' title='bbox 857 2120 1009 2202; x_wconf 89' lang='lat' dir='ltr'><strong>coeperit</strong></span> <span class='ocrx_word' id='word_1_109' title='bbox 1033 2118 1153 2182; x_wconf 91' lang='lat' dir='ltr'><strong>umbra</strong></span> <span class='ocrx_word' id='word_1_110' title='bbox 1175 2117 1280 2201; x_wconf 91' lang='lat' dir='ltr'><strong>loqui.</strong></span> 
     </span>
    </p>

    <p class='ocr_par' dir='ltr' id='par_1_9' title="bbox 253 2235 818 2320">
     <span class='ocr_line' id='line_1_16' title="bbox 253 2235 818 2320; baseline 0 -18"><span class='ocrx_word' id='word_1_111' title='bbox 253 2235 395 2320; x_wconf 87' lang='lat' dir='ltr'><strong>Saepius</strong></span> <span class='ocrx_word' id='word_1_112' title='bbox 420 2237 454 2300; x_wconf 92' lang='lat' dir='ltr'><strong>in</strong></span> <span class='ocrx_word' id='word_1_113' title='bbox 479 2237 678 2302; x_wconf 91' lang='lat' dir='ltr'><strong>Christianis</strong></span> <span class='ocrx_word' id='word_1_114' title='bbox 701 2239 818 2302; x_wconf 89' lang='lat' dir='ltr'><strong>titulis.</strong></span> 
     </span>
    </p>

    <p class='ocr_par' dir='ltr' id='par_1_10' title="bbox 209 2356 1364 2443">
     <span class='ocr_line' id='line_1_17' title="bbox 209 2356 1364 2443; baseline 0.003 -23"><span class='ocrx_word' id='word_1_115' title='bbox 209 2356 251 2420; x_wconf 84' lang='lat' dir='ltr'><strong>cf.</strong></span> <span class='ocrx_word' id='word_1_116' title='bbox 277 2357 357 2421; x_wconf 92' lang='lat' dir='ltr'><strong>Bch.</strong></span> <span class='ocrx_word' id='word_1_117' title='bbox 372 2360 455 2442; x_wconf 88' lang='lat'>748:</span> <span class='ocrx_word' id='word_1_118' title='bbox 480 2358 681 2423; x_wconf 88' lang='lat' dir='ltr'><strong>Adventum</strong></span> <span class='ocrx_word' id='word_1_119' title='bbox 702 2361 818 2443; x_wconf 91' lang='lat' dir='ltr'><strong>sponsi</strong></span> <span class='ocrx_word' id='word_1_120' title='bbox 840 2380 929 2424; x_wconf 92' lang='lat' dir='ltr'><strong>nunc</strong></span> <span class='ocrx_word' id='word_1_121' title='bbox 951 2359 1202 2443; x_wconf 86' lang='lat' dir='ltr'><strong>praestolantur</strong></span> <span class='ocrx_word' id='word_1_122' title='bbox 1221 2368 1364 2423; x_wconf 89' lang='lat' dir='ltr'><strong>ovantes</strong></span> 
     </span>
    </p>

    <p class='ocr_par' dir='ltr' id='par_1_11' title="bbox 477 2479 1316 2564">
     <span class='ocr_line' id='line_1_18' title="bbox 477 2479 1316 2564; baseline 0.001 -22"><span class='ocrx_word' id='word_1_123' title='bbox 477 2487 574 2543; x_wconf 90' lang='lat' dir='ltr'><strong>veste</strong></span> <span class='ocrx_word' id='word_1_124' title='bbox 597 2501 693 2544; x_wconf 87' lang='lat' dir='ltr'><strong>sacra</strong></span> <span class='ocrx_word' id='word_1_125' title='bbox 716 2490 885 2564; x_wconf 88' lang='lat' dir='ltr'><strong>comptae,</strong></span> <span class='ocrx_word' id='word_1_126' title='bbox 911 2479 988 2544; x_wconf 89' lang='lat' dir='ltr'><strong>oleo</strong></span> <span class='ocrx_word' id='word_1_127' title='bbox 1013 2480 1157 2543; x_wconf 89' lang='lat' dir='ltr'><strong>durante</strong></span> <span class='ocrx_word' id='word_1_128' title='bbox 1182 2480 1316 2544; x_wconf 90' lang='lat' dir='ltr'><strong>beatae.</strong></span> 
     </span>
    </p>
   </div>
   <div class='ocr_carea' id='block_1_5' title="bbox 210 2720 1366 3648">
    <p class='ocr_par' dir='ltr' id='par_1_12' title="bbox 210 2720 1365 3407">
     <span class='ocr_line' id='line_1_19' title="bbox 255 2720 1360 2806; baseline 0.001 -23"><span class='ocrx_word' id='word_1_129' title='bbox 255 2730 271 2792; x_wconf 80' lang='lat' dir='ltr'><strong>s</strong></span> <span class='ocrx_word' id='word_1_130' title='bbox 296 2737 327 2801; x_wconf 84' lang='lat'><strong>3.</strong></span> <span class='ocrx_word' id='word_1_131' title='bbox 366 2720 405 2783; x_wconf 94' lang='lat' dir='ltr'><strong>In</strong></span> <span class='ocrx_word' id='word_1_132' title='bbox 442 2721 647 2785; x_wconf 90' lang='lat' dir='ltr'><strong>carminibus</strong></span> <span class='ocrx_word' id='word_1_133' title='bbox 681 2721 935 2806; x_wconf 89' lang='lat' dir='ltr'><strong>sepulcralibus‚</strong></span> <span class='ocrx_word' id='word_1_134' title='bbox 971 2721 1064 2804; x_wconf 90' lang='lat' dir='ltr'><strong>quod</strong></span> <span class='ocrx_word' id='word_1_135' title='bbox 1100 2727 1178 2804; x_wconf 89' lang='lat' dir='ltr'><strong>post</strong></span> <span class='ocrx_word' id='word_1_136' title='bbox 1215 2729 1360 2784; x_wconf 89' lang='lat' dir='ltr'><strong>mortem</strong></span> 
     </span>
     <span class='ocr_line' id='line_1_20' title="bbox 210 2841 1360 2926; baseline 0 -22"><span class='ocrx_word' id='word_1_137' title='bbox 210 2850 364 2905; x_wconf 89' lang='lat' dir='ltr'><strong>remanet</strong></span> <span class='ocrx_word' id='word_1_138' title='bbox 404 2841 507 2925; x_wconf 88' lang='lat' dir='ltr'><strong>vulgo</strong></span> <span class='ocrx_word' id='word_1_139' title='bbox 547 2842 739 2926; x_wconf 89' lang='lat' dir='ltr'><strong>appellatur</strong></span> <span class='ocrx_word' id='word_1_140' title='bbox 777 2842 953 2906; x_wconf 91' lang='lat' dir='ltr'><strong>vocabulis</strong></span> <span class='ocrx_word' id='word_1_141' title='bbox 987 2861 1076 2924; x_wconf 91' lang='lat' dir='ltr'><strong>quae</strong></span> <span class='ocrx_word' id='word_1_142' title='bbox 1107 2850 1199 2905; x_wconf 91' lang='lat' dir='ltr'><strong>sunt:</strong></span> <span class='ocrx_word' id='word_1_143' title='bbox 1235 2843 1360 2924; x_wconf 83' lang='lat' dir='ltr'><strong>imago,</strong></span> 
     </span>
     <span class='ocr_line' id='line_1_21' title="bbox 210 2961 1361 3044; baseline 0.002 -21"><span class='ocrx_word' id='word_1_144' title='bbox 210 2961 352 3043; x_wconf 80' lang='lat' dir='ltr'><strong>specieS,</strong></span> <span class='ocrx_word' id='word_1_145' title='bbox 380 2961 510 3038; x_wconf 90' lang='lat' dir='ltr'><strong>umbra,</strong></span> <span class='ocrx_word' id='word_1_146' title='bbox 536 2982 661 3038; x_wconf 90' lang='lat' dir='ltr'><strong>manes,</strong></span> <span class='ocrx_word' id='word_1_147' title='bbox 687 2963 809 3037; x_wconf 90' lang='lat' dir='ltr'><strong>anima,</strong></span> <span class='ocrx_word' id='word_1_148' title='bbox 835 2963 976 3038; x_wconf 92' lang='lat' dir='ltr'><strong>animus,</strong></span> <span class='ocrx_word' id='word_1_149' title='bbox 1002 2982 1108 3038; x_wconf 88' lang='lat' dir='ltr'><strong>mens,</strong></span> <span class='ocrx_word' id='word_1_150' title='bbox 1132 2961 1255 3044; x_wconf 92' lang='lat' dir='ltr'><strong>quibus</strong></span> <span class='ocrx_word' id='word_1_151' title='bbox 1279 2983 1361 3025; x_wconf 91' lang='lat' dir='ltr'><strong>vero</strong></span> 
     </span>
     <span class='ocr_line' id='line_1_22' title="bbox 210 3081 1362 3167; baseline 0.002 -23"><span class='ocrx_word' id='word_1_152' title='bbox 210 3081 363 3157; x_wconf 87' lang='lat' dir='ltr'><strong>vocibus,</strong></span> <span class='ocrx_word' id='word_1_153' title='bbox 383 3090 421 3145; x_wconf 90' lang='lat' dir='ltr'><strong>ut</strong></span> <span class='ocrx_word' id='word_1_154' title='bbox 432 3083 623 3165; x_wconf 88' lang='lat' dir='ltr'><strong>apparebit,</strong></span> <span class='ocrx_word' id='word_1_155' title='bbox 637 3083 837 3167; x_wconf 91' lang='lat' dir='ltr'><strong>plerumque</strong></span> <span class='ocrx_word' id='word_1_156' title='bbox 851 3103 919 3146; x_wconf 93' lang='lat' dir='ltr'><strong>non</strong></span> <span class='ocrx_word' id='word_1_157' title='bbox 932 3084 1111 3158; x_wconf 92' lang='lat' dir='ltr'><strong>indicatur,</strong></span> <span class='ocrx_word' id='word_1_158' title='bbox 1124 3090 1202 3166; x_wconf 93' lang='lat' dir='ltr'><strong>post</strong></span> <span class='ocrx_word' id='word_1_159' title='bbox 1216 3089 1362 3146; x_wconf 91' lang='lat' dir='ltr'><strong>mortem</strong></span> 
     </span>
     <span class='ocr_line' id='line_1_23' title="bbox 210 3200 1365 3287; baseline 0.002 -23"><span class='ocrx_word' id='word_1_160' title='bbox 210 3200 358 3265; x_wconf 92' lang='lat' dir='ltr'><strong>hominis</strong></span> <span class='ocrx_word' id='word_1_161' title='bbox 392 3201 541 3267; x_wconf 92' lang='lat' dir='ltr'><strong>solutum</strong></span> <span class='ocrx_word' id='word_1_162' title='bbox 573 3205 656 3287; x_wconf 93' lang='lat' dir='ltr'><strong>quid</strong></span> <span class='ocrx_word' id='word_1_163' title='bbox 686 3212 822 3267; x_wconf 86' lang='lat' dir='ltr'><strong>tantum</strong></span> <span class='ocrx_word' id='word_1_164' title='bbox 854 3204 1017 3268; x_wconf 87' lang='lat' dir='ltr'><strong>exsistere</strong></span> <span class='ocrx_word' id='word_1_165' title='bbox 1041 3211 1076 3267; x_wconf 89' lang='lat' dir='ltr'><strong>et</strong></span> <span class='ocrx_word' id='word_1_166' title='bbox 1100 3203 1143 3267; x_wconf 89' lang='lat' dir='ltr'><strong>ab</strong></span> <span class='ocrx_word' id='word_1_167' title='bbox 1168 3204 1261 3266; x_wconf 90' lang='lat' dir='ltr'><strong>omni</strong></span> <span class='ocrx_word' id='word_1_168' title='bbox 1285 3223 1365 3266; x_wconf 93' lang='lat' dir='ltr'><strong>con-</strong></span> 
     </span>
     <span class='ocr_line' id='line_1_24' title="bbox 212 3323 804 3407; baseline 0.003 -23"><span class='ocrx_word' id='word_1_169' title='bbox 212 3323 364 3386; x_wconf 89' lang='lat' dir='ltr'><strong>cretione</strong></span> <span class='ocrx_word' id='word_1_170' title='bbox 388 3342 554 3407; x_wconf 88' lang='lat' dir='ltr'><strong>corporea</strong></span> <span class='ocrx_word' id='word_1_171' title='bbox 577 3332 804 3407; x_wconf 86' lang='lat' dir='ltr'><strong>segregatum.</strong></span> 
     </span>
    </p>

    <p class='ocr_par' dir='ltr' id='par_1_13' title="bbox 212 3441 1366 3648">
     <span class='ocr_line' id='line_1_25' title="bbox 256 3441 1366 3527; baseline 0.001 -21"><span class='ocrx_word' id='word_1_172' title='bbox 256 3441 434 3524; x_wconf 88' lang='lat' dir='ltr'><strong>Colligam,</strong></span> <span class='ocrx_word' id='word_1_173' title='bbox 469 3452 635 3526; x_wconf 93' lang='lat' dir='ltr'><strong>quantum</strong></span> <span class='ocrx_word' id='word_1_174' title='bbox 670 3453 802 3527; x_wconf 92' lang='lat' dir='ltr'><strong>potero,</strong></span> <span class='ocrx_word' id='word_1_175' title='bbox 839 3445 999 3519; x_wconf 88' lang='lat' dir='ltr'><strong>carmina,</strong></span> <span class='ocrx_word' id='word_1_176' title='bbox 1036 3464 1055 3507; x_wconf 92' lang='lat' dir='ltr'><strong>e</strong></span> <span class='ocrx_word' id='word_1_177' title='bbox 1091 3443 1214 3525; x_wconf 90' lang='lat' dir='ltr'><strong>quibus</strong></span> <span class='ocrx_word' id='word_1_178' title='bbox 1250 3463 1366 3507; x_wconf 88' lang='lat' dir='ltr'><strong>earum</strong></span> 
     </span>
     <span class='ocr_line' id='line_1_26' title="bbox 212 3565 1118 3648; baseline 0.001 -22"><span class='ocrx_word' id='word_1_179' title='bbox 212 3583 337 3626; x_wconf 92' lang='lat' dir='ltr'><strong>vocum</strong></span> <span class='ocrx_word' id='word_1_180' title='bbox 361 3576 450 3646; x_wconf 87' lang='lat' dir='ltr'><strong>quae</strong></span> <span class='ocrx_word' id='word_1_181' title='bbox 472 3565 540 3628; x_wconf 89' lang='lat' dir='ltr'><strong>sint</strong></span> <span class='ocrx_word' id='word_1_182' title='bbox 564 3565 767 3648; x_wconf 88' lang='lat' dir='ltr'><strong>significatio</strong></span> <span class='ocrx_word' id='word_1_183' title='bbox 791 3575 826 3630; x_wconf 91' lang='lat' dir='ltr'><strong>et</strong></span> <span class='ocrx_word' id='word_1_184' title='bbox 850 3586 940 3642; x_wconf 90' lang='lat' dir='ltr'><strong>usus,</strong></span> <span class='ocrx_word' id='word_1_185' title='bbox 964 3572 1118 3647; x_wconf 91' lang='lat' dir='ltr'><strong>apparet.</strong></span> 
     </span>
    </p>
   </div>
   <div class='ocr_carea' id='block_1_6' title="bbox 214 3773 1374 4460">
    <p class='ocr_par' dir='ltr' id='par_1_14' title="bbox 258 3773 483 3856">
     <span class='ocr_line' id='line_1_27' title="bbox 258 3773 483 3856; baseline 0.004 -20"><span class='ocrx_word' id='word_1_186' title='bbox 258 3784 329 3852; x_wconf 75' lang='lat'><strong>54.</strong></span> <span class='ocrx_word' id='word_1_187' title='bbox 354 3773 483 3856; x_wconf 93' lang='lat' dir='ltr'><strong>Imago.</strong></span> 
     </span>
    </p>

    <p class='ocr_par' dir='ltr' id='par_1_15' title="bbox 214 3892 1374 4460">
     <span class='ocr_line' id='line_1_28' title="bbox 258 3892 1364 3979; baseline 0.001 -21"><span class='ocrx_word' id='word_1_188' title='bbox 258 3892 386 3976; x_wconf 91' lang='lat' dir='ltr'><strong>Opinio</strong></span> <span class='ocrx_word' id='word_1_189' title='bbox 417 3904 556 3979; x_wconf 92' lang='lat' dir='ltr'><strong>recepta</strong></span> <span class='ocrx_word' id='word_1_190' title='bbox 579 3905 662 3972; x_wconf 91' lang='lat' dir='ltr'><strong>erat,</strong></span> <span class='ocrx_word' id='word_1_191' title='bbox 687 3905 724 3960; x_wconf 92' lang='lat' dir='ltr'><strong>ut</strong></span> <span class='ocrx_word' id='word_1_192' title='bbox 748 3897 1003 3979; x_wconf 92' lang='lat' dir='ltr'><strong>supradictum</strong></span> <span class='ocrx_word' id='word_1_193' title='bbox 1027 3903 1089 3970; x_wconf 88' lang='lat' dir='ltr'><strong>est,</strong></span> <span class='ocrx_word' id='word_1_194' title='bbox 1113 3904 1192 3978; x_wconf 92' lang='lat' dir='ltr'><strong>post</strong></span> <span class='ocrx_word' id='word_1_195' title='bbox 1217 3903 1364 3959; x_wconf 92' lang='lat' dir='ltr'><strong>mortem</strong></span> 
     </span>
     <span class='ocr_line' id='line_1_29' title="bbox 214 4014 1364 4099; baseline 0.003 -23"><span class='ocrx_word' id='word_1_196' title='bbox 214 4014 257 4077; x_wconf 90' lang='lat' dir='ltr'><strong>ad</strong></span> <span class='ocrx_word' id='word_1_197' title='bbox 288 4014 413 4079; x_wconf 81' lang='lat' dir='ltr'><strong>inferos</strong></span> <span class='ocrx_word' id='word_1_198' title='bbox 444 4017 652 4081; x_wconf 91' lang='lat' dir='ltr'><strong>descendere</strong></span> <span class='ocrx_word' id='word_1_199' title='bbox 676 4037 745 4080; x_wconf 93' lang='lat' dir='ltr'><strong>non</strong></span> <span class='ocrx_word' id='word_1_200' title='bbox 769 4018 920 4080; x_wconf 93' lang='lat' dir='ltr'><strong>animum</strong></span> <span class='ocrx_word' id='word_1_201' title='bbox 944 4023 1089 4092; x_wconf 88' lang='lat' dir='ltr'><strong>tantum,</strong></span> <span class='ocrx_word' id='word_1_202' title='bbox 1113 4017 1173 4080; x_wconf 92' lang='lat' dir='ltr'><strong>sed</strong></span> <span class='ocrx_word' id='word_1_203' title='bbox 1199 4018 1364 4099; x_wconf 90' lang='lat' dir='ltr'><strong>quasdam</strong></span> 
     </span>
     <span class='ocr_line' id='line_1_30' title="bbox 214 4136 1368 4220; baseline 0.003 -23"><span class='ocrx_word' id='word_1_204' title='bbox 214 4142 334 4198; x_wconf 92' lang='lat' dir='ltr'><strong>tenues</strong></span> <span class='ocrx_word' id='word_1_205' title='bbox 371 4136 512 4219; x_wconf 88' lang='lat' dir='ltr'><strong>species,</strong></span> <span class='ocrx_word' id='word_1_206' title='bbox 548 4138 592 4201; x_wconf 98' lang='lat' dir='ltr'><strong>ad</strong></span> <span class='ocrx_word' id='word_1_207' title='bbox 628 4138 735 4201; x_wconf 91' lang='lat' dir='ltr'><strong>nostri</strong></span> <span class='ocrx_word' id='word_1_208' title='bbox 770 4137 922 4220; x_wconf 91' lang='lat' dir='ltr'><strong>corporis</strong></span> <span class='ocrx_word' id='word_1_209' title='bbox 957 4136 1103 4219; x_wconf 90' lang='lat' dir='ltr'><strong>effigiem</strong></span> <span class='ocrx_word' id='word_1_210' title='bbox 1137 4136 1243 4211; x_wconf 86' lang='lat' dir='ltr'><strong>fictas,</strong></span> <span class='ocrx_word' id='word_1_211' title='bbox 1280 4157 1368 4219; x_wconf 92' lang='lat' dir='ltr'><strong>quae</strong></span> 
     </span>
     <span class='ocr_line' id='line_1_31' title="bbox 214 4254 1371 4339; baseline 0.002 -21"><span class='ocrx_word' id='word_1_212' title='bbox 214 4254 379 4338; x_wconf 86' lang='lat' dir='ltr'><strong>imagines</strong></span> <span class='ocrx_word' id='word_1_213' title='bbox 404 4265 439 4320; x_wconf 88' lang='lat' dir='ltr'><strong>et</strong></span> <span class='ocrx_word' id='word_1_214' title='bbox 462 4256 641 4321; x_wconf 90' lang='lat' dir='ltr'><strong>simulacra</strong></span> <span class='ocrx_word' id='word_1_215' title='bbox 665 4256 878 4321; x_wconf 90' lang='lat' dir='ltr'><strong>dicebantur.</strong></span> <span class='ocrx_word' id='word_1_216' title='bbox 905 4256 1042 4322; x_wconf 87' lang='lat' dir='ltr'><strong>Servius</strong></span> <span class='ocrx_word' id='word_1_217' title='bbox 1065 4255 1307 4339; x_wconf 90' lang='lat' dir='ltr'><strong>grammaticus</strong></span> <span class='ocrx_word' id='word_1_218' title='bbox 1327 4257 1371 4320; x_wconf 89' lang='lat' dir='ltr'><strong>ad</strong></span> 
     </span>
     <span class='ocr_line' id='line_1_32' title="bbox 217 4375 1374 4460; baseline 0 -20"><span class='ocrx_word' id='word_1_219' title='bbox 217 4375 306 4440; x_wconf 90' lang='lat' dir='ltr'><strong>Aen.</strong></span> <span class='ocrx_word' id='word_1_220' title='bbox 329 4394 361 4456; x_wconf 91' lang='lat'><strong>4.</strong></span> <span class='ocrx_word' id='word_1_221' title='bbox 375 4377 442 4458; x_wconf 86' lang='lat'><strong>654</strong></span> <span class='ocrx_word' id='word_1_222' title='bbox 465 4376 512 4460; x_wconf 77' lang='lat' dir='ltr'><strong>(et</strong></span> <span class='ocrx_word' id='word_1_223' title='bbox 534 4397 624 4441; x_wconf 93' lang='lat' dir='ltr'><strong>nunc</strong></span> <span class='ocrx_word' id='word_1_224' title='bbox 649 4398 772 4460; x_wconf 91' lang='lat' dir='ltr'><strong>magna</strong></span> <span class='ocrx_word' id='word_1_225' title='bbox 796 4378 863 4441; x_wconf 91' lang='lat' dir='ltr'><strong>mei</strong></span> <span class='ocrx_word' id='word_1_226' title='bbox 885 4377 948 4441; x_wconf 90' lang='lat' dir='ltr'><strong>sub</strong></span> <span class='ocrx_word' id='word_1_227' title='bbox 969 4385 1076 4440; x_wconf 88' lang='lat' dir='ltr'><strong>terras</strong></span> <span class='ocrx_word' id='word_1_228' title='bbox 1097 4375 1161 4439; x_wconf 91' lang='lat' dir='ltr'><strong>ibit</strong></span> <span class='ocrx_word' id='word_1_229' title='bbox 1181 4375 1309 4459; x_wconf 83' lang='lat' dir='ltr'><strong>imago)</strong></span> <span class='ocrx_word' id='word_1_230' title='bbox 1330 4377 1374 4440; x_wconf 91' lang='lat' dir='ltr'><strong>de</strong></span> 
     </span>
    </p>
   </div>
   <div class='ocr_carea' id='block_1_7' title="bbox 218 4600 1371 4845">
    <p class='ocr_par' dir='ltr' id='par_1_16' title="bbox 218 4600 1371 4845">
     <span class='ocr_line' id='line_1_33' title="bbox 249 4600 1371 4670; baseline -0.003 -16"><span class='ocrx_word' id='word_1_231' title='bbox 249 4602 275 4670; x_wconf 82' lang='grc' dir='ltr'><strong>ι)</strong></span> <span class='ocrx_word' id='word_1_232' title='bbox 303 4605 363 4654; x_wconf 84' lang='lat' dir='ltr'><strong>Vox</strong></span> <span class='ocrx_word' id='word_1_233' title='bbox 390 4619 582 4669; x_wconf 81' lang='lat' dir='ltr'><strong>supervacanea</strong></span> <span class='ocrx_word' id='word_1_234' title='bbox 610 4603 722 4654; x_wconf 87' lang='lat' dir='ltr'><strong>videtur.</strong></span> <span class='ocrx_word' id='word_1_235' title='bbox 751 4603 793 4653; x_wconf 80' lang='lat' dir='ltr'><strong>Cf.</strong></span> <span class='ocrx_word' id='word_1_236' title='bbox 821 4610 955 4668; x_wconf 86' lang='lat' dir='ltr'><strong>praeterea</strong></span> <span class='ocrx_word' id='word_1_237' title='bbox 981 4603 1014 4652; x_wconf 89' lang='lat' dir='ltr'><strong>A.</strong></span> <span class='ocrx_word' id='word_1_238' title='bbox 1034 4603 1062 4650; x_wconf 90' lang='lat' dir='ltr'><strong>P.</strong></span> <span class='ocrx_word' id='word_1_239' title='bbox 1083 4601 1142 4651; x_wconf 88' lang='lat' dir='ltr'><strong>VH.</strong></span> <span class='ocrx_word' id='word_1_240' title='bbox 1164 4600 1229 4663; x_wconf 86' lang='lat'>178:</span> <span class='ocrx_word' id='word_1_241' title='bbox 1249 4603 1292 4660; x_wconf 74' lang='grc' dir='ltr'><strong>σὸς</strong></span> <span class='ocrx_word' id='word_1_242' title='bbox 1311 4601 1371 4667; x_wconf 74' lang='grc' dir='ltr'><strong>ἐγώ,</strong></span> 
     </span>
     <span class='ocr_line' id='line_1_34' title="bbox 218 4685 1369 4755; baseline 0.001 -19"><span class='ocrx_word' id='word_1_243' title='bbox 218 4685 339 4748; x_wconf 67' lang='grc' dir='ltr'><strong>δέσποτα,</strong></span> <span class='ocrx_word' id='word_1_244' title='bbox 356 4686 400 4745; x_wconf 73' lang='grc' dir='ltr'><strong>κῆν</strong></span> <span class='ocrx_word' id='word_1_245' title='bbox 417 4685 496 4752; x_wconf 61' lang='grc' dir='ltr'><strong><em>Ἀίδῃ.</em></strong></span> <span class='ocrx_word' id='word_1_246' title='bbox 515 4691 614 4740; x_wconf 87' lang='lat' dir='ltr'><strong>Contra</strong></span> <span class='ocrx_word' id='word_1_247' title='bbox 631 4690 695 4740; x_wconf 93' lang='lat' dir='ltr'><strong>Bch.</strong></span> <span class='ocrx_word' id='word_1_248' title='bbox 715 4702 778 4754; x_wconf 88' lang='lat'>1331</span> <span class='ocrx_word' id='word_1_249' title='bbox 792 4705 878 4740; x_wconf 88' lang='lat' dir='ltr'><strong>:nuuc</strong></span> <span class='ocrx_word' id='word_1_250' title='bbox 888 4706 957 4739; x_wconf 90' lang='lat' dir='ltr'><strong>mors</strong></span> <span class='ocrx_word' id='word_1_251' title='bbox 968 4695 1121 4755; x_wconf 86' lang='lat' dir='ltr'><strong>perpetuam</strong></span> <span class='ocrx_word' id='word_1_252' title='bbox 1130 4686 1278 4738; x_wconf 86' lang='lat' dir='ltr'><strong>libertatem</strong></span> <span class='ocrx_word' id='word_1_253' title='bbox 1288 4687 1369 4738; x_wconf 83' lang='lat' dir='ltr'><strong>dedit.</strong></span> 
     </span>
     <span class='ocr_line' id='line_1_35' title="bbox 248 4776 885 4845; baseline -0.003 -17"><span class='ocrx_word' id='word_1_254' title='bbox 248 4777 276 4845; x_wconf 88' lang='lat'><strong>2)</strong></span> <span class='ocrx_word' id='word_1_255' title='bbox 294 4776 328 4828; x_wconf 84' lang='lat' dir='ltr'><strong>cf.</strong></span> <span class='ocrx_word' id='word_1_256' title='bbox 348 4777 444 4842; x_wconf 85' lang='lat' dir='ltr'><strong>Georg.</strong></span> <span class='ocrx_word' id='word_1_257' title='bbox 463 4778 529 4828; x_wconf 85' lang='lat' dir='ltr'><strong>Lex.</strong></span> <span class='ocrx_word' id='word_1_258' title='bbox 548 4779 605 4828; x_wconf 86' lang='lat' dir='ltr'><strong>Lat.</strong></span> <span class='ocrx_word' id='word_1_259' title='bbox 626 4777 721 4827; x_wconf 86' lang='lat' dir='ltr'><strong>Wortf.</strong></span> <span class='ocrx_word' id='word_1_260' title='bbox 741 4793 761 4829; x_wconf 93' lang='lat' dir='ltr'><strong>s.</strong></span> <span class='ocrx_word' id='word_1_261' title='bbox 772 4793 798 4827; x_wconf 87' lang='lat' dir='ltr'><strong>v.</strong></span> <span class='ocrx_word' id='word_1_262' title='bbox 817 4783 885 4828; x_wconf 85' lang='lat' dir='ltr'><strong>tuus.</strong></span> 
     </span>
    </p>
   </div>
   <div class='ocr_carea' id='block_1_8' title="bbox 0 0 1588 5476">
    <p class='ocr_par' dir='ltr' id='par_1_17' title="bbox 0 0 1588 5476">
     <span class='ocr_line' id='line_1_36' title="bbox 0 0 1588 5476; baseline 0 0"><span class='ocrx_word' id='word_1_263' title='bbox 0 0 1588 5476; x_wconf 95' lang='lat' dir='ltr'><strong> </strong></span> 
     </span>
    </p>
   </div>
  </div>
 </body>
</html>
