3134 5476
753 390 810 454 ¹4¹

205 553 401 618 fluminibus
424 553 684 637 disputavimus)
705 563 765 618 aut
784 555 819 618 in
839 553 1002 638 sepulcris
1022 555 1076 619 vel
1097 557 1186 620 circa
1201 556 1355 641 sepulcra

204 675 329 738 versari
353 673 484 738 animas
508 673 746 737 existimarent
770 673 868 757 (quae
894 675 1105 738 ostendimus
1124 676 1356 760 sepulcrorum

204 794 409 870 nominibus,
429 794 586 857 vivorum
607 794 855 856 consuetudine
870 794 1063 877 sepulerum
1077 794 1232 871 faciendi,
1247 794 1357 879 sepul·

206 935 341 979 crorum
365 934 454 990 cura,
477 921 553 978 toto
574 915 722 997 denique
744 922 954 978 mortuorum
976 915 1068 979 cultu
1090 915 1256 999 exemplis
1276 916 1357 999 usi);

208 1036 405 1120 saepissime
436 1055 518 1098 vero
549 1036 639 1098 inter
661 1055 696 1098 se
729 1036 889 1101 confundi
913 1037 1101 1100 sententias
1124 1037 1179 1102 vel
1204 1037 1358 1102 diversis-

207 1157 309 1220 simas
333 1157 420 1240 (cap.
446 1156 520 1239 111).

250 1277 491 1359 Inquisivimus
525 1277 665 1341 tandem
698 1277 732 1340 in
763 1298 812 1354 ea,
841 1299 929 1362 quae
953 1279 997 1343 de
1020 1280 1092 1344 vita
1114 1280 1206 1364 apud
1230 1279 1355 1344 inferos

205 1398 256 1461 sui
281 1398 417 1462 conscia
440 1396 616 1481 proferunt
639 1396 738 1475 tituli,
763 1407 798 1462 et
819 1399 861 1462 de
882 1400 1023 1476 ratione,
1043 1420 1131 1482 quae
1150 1400 1238 1463 inter
1257 1401 1354 1464 vivos

205 1523 242 1581 et
273 1525 424 1581 mortuos
455 1523 577 1592 exstat,
610 1525 648 1581 ut
679 1538 748 1600 quo
780 1519 884 1582 modo
915 1519 959 1582 sit
989 1519 1082 1602 quod
1107 1527 1185 1603 post
1209 1526 1354 1584 mortem

204 1646 368 1715 remanet,
393 1638 630 1702 indicaremus.
654 1638 827 1723 Apparuit
852 1647 1004 1703 mortuos
1028 1660 1127 1703 sensu
1152 1661 1220 1704 non
1241 1660 1356 1704 carere

205 1757 308 1840 vulgo
339 1759 511 1842 putavisse
542 1759 712 1841 antiquos,
745 1758 801 1842 qui
833 1758 1002 1824 defunctis
1024 1760 1186 1842 gaudium
1211 1761 1357 1844 aegritu·

204 1878 319 1942 dinem
362 1879 561 1942 memoriam
596 1879 708 1942 varios
742 1880 847 1942 animi
882 1879 1023 1943 affectus
1057 1900 1130 1943 esse
1166 1881 1355 1958 crederent,

205 1997 360 2081 quamvis
384 1998 466 2080 quid
491 1998 554 2062 hac
578 1998 621 2061 de
646 2019 680 2061 re
701 1999 867 2061 sentirent
888 1999 1085 2064 dubitanter
1105 2020 1207 2083 saepe
1229 2000 1356 2085 profer·

203 2125 294 2194 rent;
328 2119 485 2201 apparuit
517 2118 665 2200 denique
698 2120 839 2182 mortuis
871 2119 940 2182 vim
972 2120 1176 2203 copiamque
1208 2122 1353 2185 tributas

204 2257 277 2301 esse
311 2240 509 2322 superstites
544 2247 579 2302 et
610 2239 767 2305 laedendi
800 2250 834 2304 et
865 2242 1020 2318 iuvandi;
1054 2242 1233 2307 defunctos
1262 2244 1352 2309 enim

205 2359 365 2435 invocari,
397 2367 517 2442 utpote
544 2359 601 2441 qui
626 2359 782 2423 homines
805 2381 824 2424 e
849 2363 919 2425 vita
941 2362 1148 2445 abriperent,
1173 2366 1353 2430 commissa

204 2479 330 2543 scelera
361 2478 612 2556 ulciscerentur,
645 2481 759 2544 omnia
790 2502 892 2565 porro
916 2492 1083 2559 curarent,
1108 2504 1196 2566 quae
1220 2487 1264 2550 ad
1288 2486 1353 2551 for·

202 2606 320 2663 tunam
345 2601 449 2664 modo
474 2599 713 2665 defunctorum
738 2609 896 2686 spectent
919 2602 1007 2687 (cap.
1033 2602 1107 2687 IV).
