3134 5476
690 405 748 452 101

191 566 351 632 Permulti
371 577 450 633 sunt
470 567 570 646 tituli,
591 570 625 632 in
638 569 761 651 quibus
781 569 824 634 de
836 570 993 633 universa
1005 566 1140 633 colendi
1154 566 1293 632 notione

143 706 257 751 sermo
280 695 341 752 est.

167 807 249 871 Bch.
268 809 345 872 106:
370 809 491 873 Manes
514 809 667 885 colamus,
691 829 840 892 namque
863 810 991 892 opertis
1015 807 1176 873 Manibus

368 929 484 994 divina
507 931 558 994 vis
580 938 632 994 est
656 931 821 994 aeviterni
846 930 1019 1011 temporis.

168 1046 250 1111 Bch.
265 1062 346 1131 215:
373 1049 436 1113 Per
458 1051 542 1114 haec
566 1050 721 1134 sepulcra
744 1071 872 1134 perque
897 1070 983 1133 quos
1006 1050 1085 1114 colis
1108 1049 1227 1113 Manes

370 1169 422 1234 his
446 1191 547 1253 parce
571 1170 709 1236 tumulis
732 1171 864 1254 ingredi
889 1171 1013 1254 pedem
1037 1189 1150 1252 saepe.

168 1289 251 1354 Bch.
266 1290 349 1375 376:
375 1289 425 1365 sas
449 1300 521 1355 erat
545 1300 582 1354 ut
606 1293 719 1375 potius
742 1299 842 1355 natus
867 1292 923 1374 pia
947 1290 1065 1355 funera
1089 1289 1188 1353 nobis

370 1412 535 1494 penderet
559 1419 594 1475 et
619 1412 740 1494 dignos
759 1411 878 1475 coleret
896 1410 1086 1493 Manesque
1107 1418 1299 1493 patresque.

145 1528 346 1614 Bch.1592:
371 1529 530 1596 formavit
554 1530 815 1596 Valentinianus
838 1530 926 1595 filius
950 1532 1078 1614 pietate

412 1673 473 1717 sua
496 1650 742 1716 lacrimandum
766 1652 959 1736 sepulcrum

366 1781 401 1836 et
424 1772 542 1837 recolet
565 1773 685 1838 Manes
709 1781 744 1836 et
767 1774 893 1837 vinciet
917 1792 993 1837 ossa
1017 1771 1161 1837 coronis.

144 1889 345 1975 Bch.1223:
370 1900 515 1974 raptum,
541 1913 618 1957 care
643 1913 776 1977 parens
800 1893 893 1958 colito
918 1914 978 1976 per
1002 1901 1159 1975 tempora
1184 1891 1270 1968 fatis,

366 2013 462 2095 sique
487 2012 582 2076 voles
605 2033 740 2095 semper
764 2011 853 2076 dulci
878 2033 932 2076 me
956 2032 1041 2077 voce
1066 2031 1199 2088 vocare,

366 2134 410 2197 ad
433 2154 574 2217 superos
593 2134 716 2197 iterum
729 2133 844 2197 vibam
858 2134 917 2216 (sic
928 2134 948 2217 t)
961 2141 996 2196 te
1008 2134 1137 2216 sospite
1152 2153 1296 2215 semper.

146 2254 228 2319 Vox
251 2253 386 2319 colendi
410 2275 547 2338 quoque
571 2254 694 2338 legitur
717 2255 799 2319 Bch.
826 2255 899 2337 568,
925 2255 1018 2337 1036,
1043 2255 1137 2319 1216.
1159 2253 1200 2317 cf.
1221 2267 1298 2338 475,

146 2375 231 2460 476:
255 2375 282 2438 si
307 2374 418 2438 colitis
442 2375 572 2440 Manes.

192 2493 272 2559 Alia
292 2496 441 2559 carmina
453 2495 527 2559 aliis
539 2504 679 2560 utuntur
691 2496 845 2574 vocibus;
860 2494 1019 2578 exempla
1030 2494 1184 2560 conferas
1196 2493 1297 2559 haec:

147 2615 229 2680 Bch.
264 2616 347 2699 696:
372 2624 407 2680 et
431 2617 525 2700 cupit
549 2617 659 2700 dignis
682 2617 740 2680 diu
763 2618 893 2682 servire
917 2616 1096 2680 cineribus.

147 2735 228 2800 Bch.
267 2737 347 2818 385:
372 2756 449 2800 care
474 2737 593 2801 marite
618 2736 700 2801 mihi
724 2745 761 2801 et
784 2736 977 2801 dulcissima
1001 2745 1082 2800 nata
1106 2734 1217 2801 valete

370 2864 406 2920 et
429 2877 597 2921 memores
617 2858 740 2922 nostris
753 2878 887 2941 semper
899 2855 976 2921 date
987 2858 1076 2922 iusta
1088 2855 1109 2941 ¹)
1123 2855 1296 2940 sepulcris.

148 2976 229 3042 Bch.
248 2977 347 3059 1508:
372 2997 501 3061 parcas,
527 2998 596 3054 oro,
622 2979 706 3055 viro,
731 2977 844 3062 puella
867 2998 986 3061 parcas
1000 2974 1035 3061 ²),

371 3106 408 3161 ut
432 3098 540 3182 possit
563 3098 627 3162 tibi
651 3098 815 3182 plurimos
838 3119 900 3182 per
923 3118 1031 3162 annos

372 3239 449 3283 curn
474 3220 571 3283 sertis
595 3218 680 3286 darc
702 3221 790 3285 iusta
814 3239 902 3303 quae
926 3219 1063 3295 dicavit,

372 3347 407 3403 et
430 3360 565 3423 semper
589 3340 707 3424 vigilet
729 3318 867 3404 lucerna
890 3339 1007 3403 nardo.

149 3460 231 3525 Bch.
264 3460 349 3545 467:
375 3460 486 3542 sitque
511 3481 632 3543 precor
651 3460 779 3523 meritis
800 3460 857 3542 qui
878 3467 995 3523 nostra
1006 3467 1128 3542 parent
1140 3457 1202 3522 tibi
1215 3456 1300 3522 dona

371 3601 483 3644 annua
497 3577 532 3664 ³).

149 3701 191 3767 cf.
205 3701 249 3766 A.
263 3701 299 3764 P.
313 3701 382 3764 VII
397 3719 478 3784 333:
491 3697 581 3775 Μηδὲ
594 3698 812 3780 καταχθονίοις
825 3698 911 3779 μετὰ
925 3697 1067 3778 δαίμοσιν
1081 3696 1221 3780 ἄμμορος
1235 3695 1298 3773 εἴας

536 3819 690 3900 ἡμετέρων
713 3820 821 3902 δώρων,
847 3815 885 3884 ὧν
908 3821 940 3884 τ’
963 3819 1083 3885 ἐπέοικε
1107 3825 1229 3900 τυχεῖν.

281 3943 364 4007 ibid.
389 3941 518 4024 205εού
544 3940 579 4005 οὲ
603 3940 755 4024 φθομέννν
778 3939 953 4023 ἀγέραστον
977 3939 1071 4006 ἔασον.

150 4122 230 4187 Bch.
248 4139 348 4206 1290:
373 4129 409 4185 at
432 4142 563 4205 precor,
585 4144 607 4187 o
627 4123 787 4200 coniunX,
809 4124 914 4187 nostri
934 4142 1069 4205 semper
1083 4129 1301 4185 memoresto

421 4250 456 4306 et
481 4263 638 4307 reverens
663 4243 784 4307 Manes
807 4245 939 4308 assidue
961 4243 1098 4308 celebra.

182 4382 209 4449 1)
226 4381 260 4432 cf.
278 4383 333 4432 Kb.
355 4392 418 4446 137:
437 4381 523 4432 πάντα
541 4381 589 4432 ὅσα
606 4383 660 4440 τοῖς
677 4383 800 4445 χρηστοῖς
817 4379 942 4445 φθιμένοις
960 4382 1032 4441 νόμος
1050 4377 1109 4428 ἐστὶ
1124 4377 1249 4443 γενέσθαι,

454 4464 532 4516 τῶνδε
549 4465 638 4528 τνχδνν
655 4465 727 4529 :aya
745 4463 816 4514 τόνδε
833 4461 915 4527 τάφον
932 4465 1046 4526 κατέχω.

180 4553 208 4620 2)
219 4551 400 4617 cf.Bch.383:
420 4559 447 4602 at
465 4568 522 4618 vos,
540 4567 556 4601 o
575 4553 676 4617 Manes,
695 4550 737 4600 his
756 4550 870 4616 parcite:
888 4549 917 4598 ni
935 4549 1056 4616 parcetis,

422 4639 520 4690 credite
531 4639 576 4704 mi,
587 4653 664 4687 nemo
674 4638 768 4687 referet
776 4636 911 4686 sollemnia
921 4636 1005 4686 vobis.
1015 4637 1083 4685 Aeu.
1095 4644 1119 4699 5.
1130 4636 1191 4700 605,
1201 4633 1227 4683 6.
1238 4632 1299 4698 380.

182 4723 211 4798 3)
229 4727 263 4777 ci.
281 4727 376 4778 Rohde
394 4727 438 4777 l.l.
458 4725 488 4775 1³
506 4742 533 4791 p.
552 4734 602 4789 235
623 4726 713 4775 adnot.
735 4738 746 4775 1
767 4726 799 4775 de
819 4724 949 4792 Genesiis,
969 4731 995 4774 et
1011 4724 1074 4774 Bch.
1084 4721 1299 4787 4961discedens

154 4814 209 4864 dic:
228 4814 340 4880 Zmyrna
358 4813 426 4880 vole,
444 4812 537 4862 iterum
556 4818 581 4861 te
601 4819 748 4878 repetemus
766 4813 794 4862 in
813 4827 892 4862 anno.
