3134 5476
683 443 722 508 33

124 607 212 670 inter
235 627 271 670 se
295 605 550 671 confunduntur
573 609 773 684 sententiae,
800 608 893 691 quod
917 616 954 673 ut
975 608 1092 692 paucis
1111 608 1277 692 exemplis

124 726 299 803 illustrem,
323 726 428 790 affero
453 725 557 790 haec:

125 846 292 930 Bch.434.
307 864 361 910 11:
380 868 469 911 nunc
483 867 564 910 vero
578 845 725 912 infernas
737 849 835 912 sedes
848 847 1055 913 Acherontis
1067 851 1110 914 ad
1125 851 1233 914 undas

381 975 538 1052 tetraque
561 968 716 1032 Tartarei
740 989 802 1052 per
824 969 934 1033 sidera
958 971 1064 1034 tendo
1088 968 1258 1053 profundi.

235 1095 271 1153 at
303 1102 358 1171 15:
382 1087 466 1152 haec
488 1089 611 1152 domus
630 1096 771 1152 aeterna
791 1097 853 1165 est,
874 1089 929 1153 hic
947 1110 1022 1155 sum
1039 1090 1132 1168 situs,
1146 1088 1201 1152 hic
1214 1109 1273 1153 ero

380 1230 526 1293 semper.

124 1328 206 1392 Bch.
230 1346 350 1414 339.2:
374 1338 600 1414 aeternosque
624 1328 708 1394 levis
732 1329 886 1413 possidet
908 1330 1029 1395 umbra
1052 1329 1149 1395 lares.

315 1469 350 1533 3:
376 1451 447 1515 vita
470 1451 562 1514 subit
586 1450 728 1526 caelum,
753 1470 877 1534 corpus
900 1450 1020 1515 tellure
1044 1458 1189 1515 tenetur.

312 1588 350 1656 7:
374 1571 508 1655 suscipe
521 1591 621 1648 nunc,
631 1572 790 1647 coniunx,
800 1573 828 1634 si
841 1571 917 1653 quis
929 1582 1007 1654 post
1021 1570 1138 1637 lunera
1147 1592 1273 1647 sensus

422 1692 541 1756 debita
564 1693 704 1756 sacratis
729 1692 887 1756 Manibus
912 1693 1032 1756 officia.

123 1811 310 1894 Bch.1oo5.
322 1830 356 1894 3:
381 1811 437 1875 hic
460 1812 524 1875 erit
548 1811 696 1876 inclusus
719 1811 861 1888 tumulo,
886 1811 941 1875 hic
965 1812 1072 1894 Julius
1096 1813 1179 1896 ipse,

316 1950 354 2013 4:
378 1932 433 1996 hic
458 1932 543 1996 cinis
567 1940 602 1996 et
626 1932 691 2016 (ie.
716 1933 771 2016 ex)
796 1953 876 1996 caro
899 1952 1043 2016 corpore
1067 1933 1175 1997 sactus
1199 1934 1273 1997 erit.

317 2071 355 2136 9:
380 2051 434 2115 hic
458 2072 523 2135 ego
546 2073 636 2116 nunc
660 2072 765 2135 cogor
788 2051 925 2136 Stygias
948 2053 1091 2116 transire
1114 2053 1266 2136 paludes.

122 2169 165 2236 cl.
174 2180 352 2255 praeterea
361 2174 439 2252 428,
457 2173 551 2249 1061,
569 2190 662 2248 1111,
681 2174 774 2254 1165,
792 2190 886 2255 1443.
900 2171 1046 2256 (Omitto
1058 2173 1271 2257 Christiana).

167 2291 308 2356 Talibus
328 2293 430 2375 igitur
448 2293 555 2357 titulis
576 2293 716 2356 minime
736 2292 902 2356 habeatur
921 2293 1016 2357 fides
1031 2293 1178 2357 Multum
1191 2314 1273 2357 vero

122 2413 193 2477 eius
212 2415 346 2496 generis
366 2414 516 2477 carmina
535 2413 661 2489 valent,
682 2422 851 2496 quatenus
863 2413 907 2477 de
919 2414 1024 2476 animi
1036 2423 1115 2497 post
1128 2423 1274 2478 mortem

120 2541 212 2598 statu
247 2535 432 2598 sententias
467 2534 623 2617 quamvis
658 2518 809 2598 diversas
845 2531 1031 2616 prolerunt.
1068 2534 1106 2597 Id
1139 2541 1275 2597 tantum

121 2654 220 2719 nobis
244 2654 399 2737 ignotum
424 2662 484 2730 est,
509 2655 592 2738 quid
617 2655 660 2718 de
683 2655 723 2718 iis
746 2655 889 2718 sentiret
912 2654 1071 2718 carminis
1094 2662 1223 2717 auctor.

167 2935 183 3000 s
208 2942 238 2990 2.
263 2926 354 2991 Rara
373 2933 452 2990 sunt
472 2925 633 3002 carmina,
654 2927 777 3010 quibus
797 2935 876 3011 post
890 2935 1036 2991 mortem
1049 2947 1122 2991 esse
1134 2925 1273 3010 aliquid,

123 3033 290 3128 expressis
312 3046 426 3110 verbis
450 3055 748 3110 commemoratur.

166 3166 309 3230 Invenio
333 3167 425 3250 apud
450 3166 695 3231 Buechelerum
712 3165 752 3251 ¹):

122 3285 203 3350 Bch.
233 3303 316 3370 1329
341 3286 562 3370 (simillimum
592 3287 706 3372 1497):

541 3407 602 3472 Set
614 3408 694 3492 quia
707 3415 785 3471 sunt
799 3408 931 3485 Manes,
944 3410 987 3472 sit
999 3408 1063 3472 tibi
1077 3416 1167 3472 terra
1179 3407 1274 3472 levis

122 3526 311 3592 etlortasse
333 3528 414 3592 Bch.
431 3530 512 3612 561:
548 3529 631 3593 Vixi
656 3527 820 3593 festinans
843 3529 959 3592 vivere
982 3548 1128 3612 semper.

168 3646 378 3730 Quibuscum
402 3649 575 3713 conferas:

121 3767 275 3850 Propert.
291 3782 320 3850 5.
333 3782 364 3852 7.
383 3786 417 3832 1:
457 3767 545 3834 Sunt
565 3768 694 3852 aliquid
709 3745 967 3846 Manes3letum
980 3788 1048 3832 non
1062 3768 1177 3832 omnia
1189 3768 1274 3844 finit,

500 3888 677 3973 luridaque
702 3889 832 3953 evictos
855 3889 973 3971 effugit
997 3888 1117 3952 umbra
1141 3908 1252 3970 rogos

121 4007 191 4073 Cic.
216 4009 260 4072 ad
285 4008 392 4073 Attic.
422 4026 471 4074 10.
485 4011 566 4073 8.8:
590 4009 743 4092 Tempus
773 4016 834 4084 est,
864 4028 925 4071 nos
953 4008 995 4071 de
1024 4007 1081 4072 illa
1107 4015 1273 4091 perpetua

120 4129 198 4206 iam,
224 4149 292 4193 non
317 4131 359 4194 de
384 4131 507 4213 exigua
531 4131 602 4194 vita
623 4130 784 4213 cogitare.

120 4249 461 4333 Pseudophocylidea
490 4265 548 4332 115
574 4250 671 4334 (ng.
696 4251 732 4313 P.
745 4251 787 4314 L.
801 4247 864 4314 G.³
888 4270 966 4333 pars
991 4249 1024 4311 II
1049 4269 1082 4331 p.
1106 4248 1203 4333 466)=.

320 4370 412 4449 ψυχὴ
426 4368 452 4433 δ’
465 4368 629 4442 ἀθάνατος
643 4370 695 4434 uxi
710 4370 834 4450 ἀγήρως
849 4369 885 4452 ζῇ
898 4368 949 4434 διὰ
963 4366 1092 4439 παντός.

118 4536 317 4548 -η--ι-

153 4658 179 4727 1)
197 4659 231 4711 cl.
249 4660 314 4710 Bch.
332 4660 399 4723 478:
418 4666 539 4711 aeternae
557 4660 668 4711 animae.
687 4661 717 4709 In
737 4659 895 4710 carminibus
915 4658 1080 4724 Christianis,
1100 4658 1162 4722 quia
1180 4673 1221 4707 res
1235 4657 1272 4706 ita

119 4745 178 4813 fert,
196 4747 356 4812 saepissime.
375 4747 408 4797 cl.
428 4747 492 4797 Bch.
512 4747 578 4810 706:
598 4755 704 4796 censeat
722 4747 769 4796 has
785 4745 899 4813 (sorores
915 4761 951 4795 sc.
967 4743 1117 4811 defunctas)
1134 4743 1272 4793 nuncluce

122 4833 172 4885 frui
191 4835 297 4900 vitaque
316 4834 433 4900 perenni.

1138 4945 1153 5000 3
