3134 5476
674 410 714 491 65

118 590 186 652 iam
221 599 303 654 nota
332 598 410 654 sunt
443 601 605 673 quattuor
642 591 790 667 flumina,
825 589 975 670 Ἀχέρων,
1012 589 1264 671 Πυριφλεγέθων,

118 708 272 786 Κθκοτος,
297 708 386 787 Στύξ
402 709 434 792 1),
459 732 547 794 quae
572 722 686 776 tamen
708 712 799 795 apud
820 711 945 776 inferos
965 711 1104 777 fluentia
1118 713 1270 776 nondum

119 851 179 895 eos
203 830 439 895 circumfluunt
451 831 487 914 ²).

142 950 247 1034 Apud
282 953 495 1035 posteriores,
521 952 686 1035 imprimis
710 953 801 1035 apud
827 960 957 1035 poetas,
983 951 1121 1015 flumina
1145 951 1269 1015 inferos

120 1073 261 1154 cingunt
295 1072 494 1155 aditumque
525 1070 766 1135 intercludunt.
792 1071 963 1154 Vergilius
987 1070 1135 1155 exempli
1160 1072 1268 1153 gratia

119 1212 193 1255 rem
227 1192 276 1255 ita
310 1192 418 1268 finxit,
451 1201 488 1255 ut
518 1194 646 1276 primus
677 1194 720 1255 sit
753 1191 925 1268 Acheron,
958 1193 1016 1274 qui
1040 1193 1074 1255 in
1099 1191 1268 1273 Cocytum

118 1311 230 1376 influit
254 1313 413 1387 medium,
434 1313 534 1375 tertia
553 1321 668 1375 autem
688 1321 723 1375 et
742 1313 862 1375 intima
882 1313 926 1375 sit
938 1310 1043 1396 Styx;
1059 1309 1270 1393 Phlegethon

118 1435 191 1497 sive
216 1432 506 1517 Pyriphlegethon
520 1429 544 1515 ³)
571 1433 728 1516 ,rapidus
748 1432 893 1497 flammis
913 1434 1120 1497 torrentibus
1140 1431 1270 1496 amnis’'

120 1554 300 1617 Tartarum
326 1554 430 1617 modo
451 1551 672 1616 circumfluat.
692 1553 773 1617 Tria
785 1563 900 1617 autem
913 1553 969 1617 illa
982 1553 1121 1617 flumina
1133 1573 1271 1617 omnem

120 1671 258 1748 Orcum,
295 1673 399 1734 etiam
424 1671 578 1753 Elysium
603 1673 775 1755 cingentia
799 1673 979 1756 finguntur,
1006 1682 1042 1737 ut
1065 1674 1133 1737 sint
1156 1673 1271 1735 omnia

118 1793 307 1857 traicienda
342 1792 391 1868 iis,
428 1793 485 1874 qui
520 1794 631 1875 ipsum
667 1792 794 1857 Orcum
828 1795 965 1858 adeant.
999 1793 1089 1857 Hinc
1125 1791 1270 1867 Charon,

120 1914 266 1996 portitor
290 1911 478 1975 horrendus
498 1912 598 1996 (Aen.
618 1913 648 1976 6.
665 1915 751 1998 298),
773 1924 982 1979 mortuorum
1004 1915 1132 1977 animas
1146 1912 1271 1995 cymba

120 2053 181 2096 sua
205 2040 414 2115 transportat
426 2030 461 2116 ⁴).

166 2126 323 2236 Denique
348 2161 385 2215 ut
410 2153 529 2216 Manes
549 2163 583 2217 et
604 2154 700 2218 inseri
720 2155 873 2218 indicant
885 2155 1009 2231 locum,
1022 2154 1080 2218 ubi
1094 2162 1271 2218 versantur

120 2272 219 2336 inseri
253 2281 289 2336 et
317 2273 447 2348 Manes
471 2274 518 2336 sic
544 2273 716 2350 Acheron,
741 2275 839 2358 Styx,
866 2274 1078 2358 Phlegethon
1104 2296 1166 2358 pro
1190 2276 1272 2358 ipsis

125 2394 308 2459 inferorum
332 2395 479 2471 sedibus,
505 2417 589 2479 quas
612 2396 860 2474 circumfluunt,
886 2397 1045 2479 leguntur
1058 2396 1094 2479 5).

172 2514 210 2578 In
235 2513 341 2578 titulis
364 2515 448 2579 haec
471 2525 568 2579 sunt:

123 2636 164 2699 de
185 2634 377 2699 Acheronte.

122 2753 205 2818 Bch.
217 2756 300 2835 428:
347 2754 401 2818 hic
427 2776 522 2819 meus
545 2765 583 2820 ut
607 2757 709 2821 frater
733 2757 898 2822 Stabiano
922 2758 1037 2821 littore
1061 2777 1196 2820 mecum

346 2875 515 2952 conditur,
539 2877 573 2940 in
597 2878 748 2941 tenebris
771 2878 980 2942 Acherontis
1004 2878 1128 2941 labitur
1152 2878 1261 2941 undis

123 2993 206 3057 Bch.
219 3010 302 3076 434:
350 3015 438 3058 nunc
467 3017 548 3059 vero
573 2997 720 3062 infernas
743 3000 842 3062 sedes
866 2997 1074 3061 Acherontis
1098 2998 1140 3061 ad
1166 2999 1273 3061 undas

345 3123 502 3198 tetraque
526 3117 679 3181 Tartarei
705 3140 765 3202 per
789 3119 901 3183 sidera
925 3119 1032 3181 tendo
1057 3117 1227 3201 profundi.

159 3357 185 3425 1)
203 3359 301 3409 Eadem
321 3360 413 3409 Cicero
432 3366 566 3409 enumerat
584 3359 691 3410 flumina
710 3361 743 3410 de
762 3368 816 3410 nat.
836 3362 906 3411 deor.
927 3374 951 3424 3.
962 3373 1006 3424 43.

156 3445 184 3513 2)
203 3445 237 3495 cf.
255 3446 335 3496 Hom.
356 3446 407 3496 Od.
426 3459 466 3495 10.
478 3456 544 3513 5133
563 3447 641 3496 etiam
661 3447 771 3497 Hesiod.
788 3448 925 3514 Theogon.
937 3447 988 3511 738
998 3448 1031 3497 de
1040 3443 1169 3507 Τοιρτθρον
1179 3446 1274 3508 πηγαῖς

124 3539 152 3581 et
168 3547 237 3598 quae
256 3533 321 3583 ibid.
342 3542 392 3598 775
413 3549 473 3598 sqq.
492 3533 525 3582 de
544 3534 623 3598 Styge
643 3542 788 3583 narrantur.

157 3618 185 3685 3)
212 3619 324 3669 Flumen
350 3619 514 3684 Phlegethon
533 3621 614 3670 rarius
633 3637 712 3686 quam
730 3630 816 3671 cetera
834 3622 976 3671 inferorum
995 3621 1101 3670 flumina
1120 3637 1274 3671 commemo·
1340 3646 1345 3653 ·

124 3712 205 3755 ratur.
223 3706 256 3757 cf.
275 3708 355 3771 Verg.
376 3707 443 3755 Aen.
464 3705 488 3755 6.
501 3716 561 3773 551,
580 3709 650 3774 2655
671 3708 753 3758 Culex
774 3718 835 3774 272,
854 3718 915 3771 374.

155 3790 185 3858 4)
203 3791 236 3841 cf.
261 3792 370 3841 Luciau.
392 3792 424 3842 de
443 3791 506 3842 luct.
525 3804 556 3856 3:
583 3791 604 3854 (θ
630 3791 711 3849 πολὺς
736 3790 824 3852 θμνλος
850 3790 1014 3854 ὑπειλήφωσι)
1040 3791 1200 3854 περιρρεῖσθαι
1227 3791 1272 3849 τὴν

124 3873 211 3938 χώραν
237 3877 362 3937 ποταμοῖς
388 3875 512 3939 μεγάλοις
538 3876 627 3926 τεκνοῖ
647 3879 761 3940 φοβεροῖς
779 3877 827 3926 urin
844 3878 922 3938 μθνων
939 3882 988 3926 τῶν
1008 3875 1141 3937 θνομθτων*
1160 3877 1272 3926 Κωκυτοὶ

128 3959 179 4021 γθορ
197 3956 240 4006 νοοῖ
256 3957 484 4022 Πυριφλεγέθοντες
503 3958 545 4007 καὶ
562 3963 670 4008 τοιοῦτον
688 3960 831 4017 κέκληνται.
850 3961 880 4009 πθ
898 3958 925 4009 δὲ
943 3958 1075 4023 μέγιστον,
1093 3958 1273 4022 ἡἋχερονο-θοι

126 4041 202 4101 λίμνη
227 4041 363 4102 epternac,
389 4039 473 4102 προθτνρ
501 4039 625 4103 δεχομένη
651 4043 711 4099 τοὺς
736 4041 912 4100 ἀπαντῶντος,
929 4040 956 4099 ἣν
974 4041 1018 4091 οὐκ
1034 4042 1069 4090 ’ένν
1087 4040 1272 4100 θωιπλεθοοοιίὶ

126 4121 257 4185 παρελθεῖν
273 4121 331 4172 lim
348 4125 395 4172 ποῖ
414 4121 546 4185 πορθμέως.

158 4207 185 4275 5)
204 4207 238 4257 cf.
257 4208 290 4257 de
308 4208 499 4273 Phlegethonte
519 4209 598 4274 Verg.
617 4210 685 4259 Aen.
704 4210 729 4259 6.
741 4210 801 4276 265,
821 4211 853 4260 de
872 4211 952 4275 Styge
972 4211 1066 4274 Georg.
1089 4223 1111 4260 1.
1123 4223 1184 4275 243,
1195 4210 1273 4260 Ovid.

124 4298 232 4347 Metam.
264 4308 358 4362 10.13,
386 4296 419 4345 de
447 4297 597 4346 Acheronte
622 4298 689 4348 Aen.
718 4310 813 4364 7.312,
837 4300 930 4347 Horat.
956 4298 1007 4347 Od.
1029 4310 1087 4360 1.3.
1099 4299 1142 4363 36,
1161 4311 1185 4361 3.
1197 4300 1276 4364 3.16,

125 4385 231 4433 Lucret.
258 4393 345 4445 4133
372 4381 459 4450 (168),
483 4383 538 4433 Cic.
564 4392 623 4448 post
642 4384 715 4434 redit.
735 4384 763 4433 in
782 4391 863 4435 senat.
884 4395 917 4450 25
937 4392 985 4434 etc.
1005 4386 1046 4433 De
1065 4384 1106 4433 his
1124 4383 1275 4433 fluminibus

127 4469 181 4520 rid.
205 4475 340 4535 praeterea
358 4469 460 4519 Platon.
479 4471 576 4520 Phaed.
598 4484 646 4520 112
658 4471 689 4537 Ε,
708 4471 742 4519 de
760 4471 840 4535 Styge
859 4471 955 4535 Georg.
975 4484 1000 4532 4.
1011 4470 1073 4536 480,
1091 4470 1158 4519 Aen.
1178 4469 1275 4534 6.154,

129 4555 208 4606 Ovid.
237 4555 342 4604 Metam.
375 4569 414 4605 12.
425 4568 486 4622 322,
515 4557 572 4607 Art.
599 4565 705 4607 amator.
737 4558 820 4621 1.635
850 4556 894 4623 (cf.
924 4558 1003 4608 Hom.
1032 4556 1083 4605 Od.
1109 4555 1223 4623 5.185);
1243 4557 1275 4606 de

129 4642 280 4692 Acheronte
307 4642 383 4692 Pind.
411 4642 503 4708 fragm.
534 4657 592 4709 120,
616 4643 747 4693 Theocrit.
777 4656 817 4706 17.
828 4645 872 4710 46,
897 4643 1005 4693 Luciau.
1024 4644 1195 4707 Necyomant.
1214 4643 1276 4708 476,

130 4727 260 4778 Plutarch.
280 4728 360 4778 Cons.
378 4729 411 4778 ad
430 4729 521 4794 Apoll.
544 4743 589 4796 103
608 4730 641 4778 de
660 4731 761 4797 Cocyto
782 4732 849 4780 Aen.
869 4731 966 4795 6.132,
986 4740 1047 4795 297,
1067 4742 1090 4792 7.
1100 4740 1163 4795 479,
1180 4731 1275 4794 Georg.

131 4828 155 4878 3.
166 4814 210 4884 38,
227 4830 253 4878 4.
263 4828 326 4880 479,
345 4817 436 4866 Horat.
459 4818 509 4867 Od.
529 4817 661 4885 2.14.18,
685 4821 740 4870 Cic.
760 4821 837 4869 Tusc.
857 4819 925 4883 disp.
949 4832 1016 4867 1.1o
1035 4825 1062 4867 et
1081 4818 1185 4882 passim.

1179 4928 1193 4982 5
