<?xml version="1.0" encoding="UTF-8"?>
<!DOCTYPE html PUBLIC "-//W3C//DTD XHTML 1.0 Transitional//EN"
    "http://www.w3.org/TR/xhtml1/DTD/xhtml1-transitional.dtd">
<html xmlns="http://www.w3.org/1999/xhtml" xml:lang="en" lang="en">
 <head>
  <title>
</title>
<meta http-equiv="Content-Type" content="text/html;charset=utf-8" />
  <meta name='ocr-system' content='tesseract 3.04.00' />
  <meta name='ocr-capabilities' content='ocr_page ocr_carea ocr_par ocr_line ocrx_word'/>
</head>
<body>
  <div class='ocr_page' id='page_1' title='image "./quaedehominumpo00bleegoog_0143.png"; bbox 0 0 3134 5476; ppageno 0'>
   <div class='ocr_carea' id='block_1_1' title="bbox 753 360 816 410">
    <p class='ocr_par' dir='ltr' id='par_1_1' title="bbox 753 360 816 410">
     <span class='ocr_line' id='line_1_1' title="bbox 753 360 816 410; baseline 0.032 -2"><span class='ocrx_word' id='word_1_1' title='bbox 753 360 816 410; x_wconf 89' lang='lat'>120</span> 
     </span>
    </p>
   </div>
   <div class='ocr_carea' id='block_1_2' title="bbox 204 525 1361 1454">
    <p class='ocr_par' dir='ltr' id='par_1_2' title="bbox 204 525 1361 1454">
     <span class='ocr_line' id='line_1_2' title="bbox 205 525 1360 612; baseline 0.003 -19"><span class='ocrx_word' id='word_1_2' title='bbox 205 548 331 612; x_wconf 87' lang='lat' dir='ltr'>magno</span> <span class='ocrx_word' id='word_1_3' title='bbox 355 527 550 591; x_wconf 87' lang='lat' dir='ltr'>discrimine</span> <span class='ocrx_word' id='word_1_4' title='bbox 575 525 677 609; x_wconf 84' lang='lat' dir='ltr'>vulgo</span> <span class='ocrx_word' id='word_1_5' title='bbox 697 528 845 611; x_wconf 89' lang='lat' dir='ltr'>separari</span> <span class='ocrx_word' id='word_1_6' title='bbox 865 526 909 590; x_wconf 92' lang='lat' dir='ltr'>ab</span> <span class='ocrx_word' id='word_1_7' title='bbox 930 527 980 602; x_wconf 91' lang='lat' dir='ltr'>iis,</span> <span class='ocrx_word' id='word_1_8' title='bbox 995 528 1052 611; x_wconf 94' lang='lat' dir='ltr'>qui</span> <span class='ocrx_word' id='word_1_9' title='bbox 1066 528 1137 593; x_wconf 89' lang='lat' dir='ltr'>vita</span> <span class='ocrx_word' id='word_1_10' title='bbox 1150 528 1360 611; x_wconf 81' lang='lat' dir='ltr'><strong>fruebantur,</strong></span> 
     </span>
     <span class='ocr_line' id='line_1_3' title="bbox 205 648 1361 731; baseline 0.003 -18"><span class='ocrx_word' id='word_1_11' title='bbox 205 656 372 731; x_wconf 91' lang='lat' dir='ltr'>quantum</span> <span class='ocrx_word' id='word_1_12' title='bbox 404 667 467 711; x_wconf 91' lang='lat' dir='ltr'>nos</span> <span class='ocrx_word' id='word_1_13' title='bbox 494 649 582 711; x_wconf 90' lang='lat' dir='ltr'>inter</span> <span class='ocrx_word' id='word_1_14' title='bbox 606 667 665 711; x_wconf 90' lang='lat' dir='ltr'>eos</span> <span class='ocrx_word' id='word_1_15' title='bbox 689 655 848 731; x_wconf 91' lang='lat' dir='ltr'>putemus</span> <span class='ocrx_word' id='word_1_16' title='bbox 872 648 1045 711; x_wconf 86' lang='lat' dir='ltr'>interesse.</span> <span class='ocrx_word' id='word_1_17' title='bbox 1072 649 1199 714; x_wconf 86' lang='lat' dir='ltr'>Mortui</span> <span class='ocrx_word' id='word_1_18' title='bbox 1223 652 1361 717; x_wconf 91' lang='lat' dir='ltr'>vinculo</span> 
     </span>
     <span class='ocr_line' id='line_1_4' title="bbox 205 769 1360 856; baseline 0.005 -24"><span class='ocrx_word' id='word_1_19' title='bbox 205 769 462 854; x_wconf 89' lang='lat' dir='ltr'>quodammodo</span> <span class='ocrx_word' id='word_1_20' title='bbox 486 788 564 832; x_wconf 95' lang='lat' dir='ltr'>cum</span> <span class='ocrx_word' id='word_1_21' title='bbox 590 771 660 834; x_wconf 92' lang='lat' dir='ltr'>vita</span> <span class='ocrx_word' id='word_1_22' title='bbox 683 769 856 833; x_wconf 90' lang='lat' dir='ltr'>coniuncti</span> <span class='ocrx_word' id='word_1_23' title='bbox 881 789 954 833; x_wconf 88' lang='lat' dir='ltr'>esse</span> <span class='ocrx_word' id='word_1_24' title='bbox 975 769 1015 832; x_wconf 91' lang='lat' dir='ltr'>iis</span> <span class='ocrx_word' id='word_1_25' title='bbox 1040 772 1247 837; x_wconf 87' lang='lat' dir='ltr'>videbantur</span> <span class='ocrx_word' id='word_1_26' title='bbox 1263 771 1296 856; x_wconf 89' lang='lat'>¹),</span> <span class='ocrx_word' id='word_1_27' title='bbox 1316 774 1360 838; x_wconf 92' lang='lat' dir='ltr'>ab</span> 
     </span>
     <span class='ocr_line' id='line_1_5' title="bbox 205 888 1359 972; baseline 0.005 -20"><span class='ocrx_word' id='word_1_28' title='bbox 205 889 255 963; x_wconf 93' lang='lat' dir='ltr'>iis,</span> <span class='ocrx_word' id='word_1_29' title='bbox 279 908 367 971; x_wconf 93' lang='lat' dir='ltr'>quae</span> <span class='ocrx_word' id='word_1_30' title='bbox 392 889 425 951; x_wconf 91' lang='lat' dir='ltr'>in</span> <span class='ocrx_word' id='word_1_31' title='bbox 450 888 521 951; x_wconf 93' lang='lat' dir='ltr'>vita</span> <span class='ocrx_word' id='word_1_32' title='bbox 545 888 744 972; x_wconf 85' lang='lat' dir='ltr'>agebantur,</span> <span class='ocrx_word' id='word_1_33' title='bbox 768 896 919 952; x_wconf 87' lang='lat' dir='ltr'>mentem</span> <span class='ocrx_word' id='word_1_34' title='bbox 943 909 1012 954; x_wconf 92' lang='lat' dir='ltr'>non</span> <span class='ocrx_word' id='word_1_35' title='bbox 1033 898 1238 969; x_wconf 89' lang='lat' dir='ltr'>avertentes,</span> <span class='ocrx_word' id='word_1_36' title='bbox 1258 913 1359 958; x_wconf 89' lang='lat' dir='ltr'>omne</span> 
     </span>
     <span class='ocr_line' id='line_1_6' title="bbox 204 1009 1360 1088; baseline 0.003 -14"><span class='ocrx_word' id='word_1_37' title='bbox 204 1017 325 1074; x_wconf 90' lang='lat' dir='ltr'>contra</span> <span class='ocrx_word' id='word_1_38' title='bbox 358 1009 508 1073; x_wconf 92' lang='lat' dir='ltr'>studium</span> <span class='ocrx_word' id='word_1_39' title='bbox 545 1017 580 1072; x_wconf 94' lang='lat' dir='ltr'>et</span> <span class='ocrx_word' id='word_1_40' title='bbox 611 1029 726 1073; x_wconf 91' lang='lat' dir='ltr'>curam</span> <span class='ocrx_word' id='word_1_41' title='bbox 757 1009 792 1072; x_wconf 92' lang='lat' dir='ltr'>in</span> <span class='ocrx_word' id='word_1_42' title='bbox 825 1029 865 1072; x_wconf 92' lang='lat' dir='ltr'>ea</span> <span class='ocrx_word' id='word_1_43' title='bbox 889 1018 1141 1088; x_wconf 88' lang='lat' dir='ltr'>convertentes,</span> <span class='ocrx_word' id='word_1_44' title='bbox 1166 1013 1215 1077; x_wconf 89' lang='lat' dir='ltr'>ita</span> <span class='ocrx_word' id='word_1_45' title='bbox 1239 1021 1277 1077; x_wconf 94' lang='lat' dir='ltr'>ut</span> <span class='ocrx_word' id='word_1_46' title='bbox 1300 1021 1360 1078; x_wconf 91' lang='lat' dir='ltr'>aut</span> 
     </span>
     <span class='ocr_line' id='line_1_7' title="bbox 205 1129 1360 1212; baseline 0.005 -19"><span class='ocrx_word' id='word_1_47' title='bbox 205 1131 360 1193; x_wconf 90' lang='lat' dir='ltr'>iuvarent</span> <span class='ocrx_word' id='word_1_48' title='bbox 394 1131 593 1212; x_wconf 91' lang='lat' dir='ltr'>superstites</span> <span class='ocrx_word' id='word_1_49' title='bbox 628 1136 687 1194; x_wconf 95' lang='lat' dir='ltr'>aut</span> <span class='ocrx_word' id='word_1_50' title='bbox 721 1129 761 1192; x_wconf 90' lang='lat' dir='ltr'>iis</span> <span class='ocrx_word' id='word_1_51' title='bbox 797 1136 971 1206; x_wconf 89' lang='lat' dir='ltr'>nocerent,</span> <span class='ocrx_word' id='word_1_52' title='bbox 1006 1131 1156 1197; x_wconf 90' lang='lat' dir='ltr'>laetitiae</span> <span class='ocrx_word' id='word_1_53' title='bbox 1189 1141 1225 1197; x_wconf 92' lang='lat' dir='ltr'>et</span> <span class='ocrx_word' id='word_1_54' title='bbox 1249 1134 1360 1199; x_wconf 89' lang='lat' dir='ltr'>luctus</span> 
     </span>
     <span class='ocr_line' id='line_1_8' title="bbox 205 1249 1359 1334; baseline 0.005 -21"><span class='ocrx_word' id='word_1_55' title='bbox 205 1249 343 1313; x_wconf 89' lang='lat' dir='ltr'>humani</span> <span class='ocrx_word' id='word_1_56' title='bbox 375 1258 489 1314; x_wconf 89' lang='lat' dir='ltr'>essent</span> <span class='ocrx_word' id='word_1_57' title='bbox 520 1252 714 1334; x_wconf 88' lang='lat' dir='ltr'>participes,</span> <span class='ocrx_word' id='word_1_58' title='bbox 746 1250 992 1315; x_wconf 90' lang='lat' dir='ltr'>consuetudine</span> <span class='ocrx_word' id='word_1_59' title='bbox 1016 1250 1194 1318; x_wconf 91' lang='lat' dir='ltr'>hominum</span> <span class='ocrx_word' id='word_1_60' title='bbox 1218 1256 1359 1319; x_wconf 91' lang='lat' dir='ltr'>minime</span> 
     </span>
     <span class='ocr_line' id='line_1_9' title="bbox 205 1371 1360 1454; baseline 0.003 -19"><span class='ocrx_word' id='word_1_61' title='bbox 205 1371 426 1435; x_wconf 85' lang='lat' dir='ltr'>abstinerent.</span> <span class='ocrx_word' id='word_1_62' title='bbox 452 1371 562 1454; x_wconf 93' lang='lat' dir='ltr'>Prope</span> <span class='ocrx_word' id='word_1_63' title='bbox 586 1373 657 1435; x_wconf 89' lang='lat' dir='ltr'>vias</span> <span class='ocrx_word' id='word_1_64' title='bbox 682 1371 784 1454; x_wconf 88' lang='lat' dir='ltr'>vulgo</span> <span class='ocrx_word' id='word_1_65' title='bbox 807 1371 972 1454; x_wconf 91' lang='lat' dir='ltr'>sepulcra,</span> <span class='ocrx_word' id='word_1_66' title='bbox 998 1373 1120 1437; x_wconf 90' lang='lat' dir='ltr'>domus</span> <span class='ocrx_word' id='word_1_67' title='bbox 1145 1393 1273 1450; x_wconf 91' lang='lat' dir='ltr'>eorum,</span> <span class='ocrx_word' id='word_1_68' title='bbox 1295 1375 1360 1439; x_wconf 90' lang='lat' dir='ltr'>sita</span> 
     </span>
    </p>
   </div>
   <div class='ocr_carea' id='block_1_3' title="bbox 130 1490 1358 1696">
    <p class='ocr_par' dir='ltr' id='par_1_3' title="bbox 130 1490 1358 1696">
     <span class='ocr_line' id='line_1_10' title="bbox 205 1490 1358 1576; baseline 0.003 -22"><span class='ocrx_word' id='word_1_69' title='bbox 205 1500 294 1568; x_wconf 93' lang='lat' dir='ltr'>sunt,</span> <span class='ocrx_word' id='word_1_70' title='bbox 318 1512 406 1574; x_wconf 89' lang='lat' dir='ltr'>quae</span> <span class='ocrx_word' id='word_1_71' title='bbox 427 1494 569 1557; x_wconf 88' lang='lat' dir='ltr'>cottidie</span> <span class='ocrx_word' id='word_1_72' title='bbox 590 1500 808 1576; x_wconf 90' lang='lat' dir='ltr'>praetereunt</span> <span class='ocrx_word' id='word_1_73' title='bbox 828 1490 984 1556; x_wconf 90' lang='lat' dir='ltr'>homines</span> <span class='ocrx_word' id='word_1_74' title='bbox 1003 1493 1189 1559; x_wconf 88' lang='lat' dir='ltr'>salutantes</span> <span class='ocrx_word' id='word_1_75' title='bbox 1209 1503 1244 1558; x_wconf 91' lang='lat' dir='ltr'>et</span> <span class='ocrx_word' id='word_1_76' title='bbox 1265 1494 1358 1559; x_wconf 88' lang='lat' dir='ltr'>adlo-</span> 
     </span>
     <span class='ocr_line' id='line_1_11' title="bbox 130 1595 1358 1696; baseline 0.003 -20"><span class='ocrx_word' id='word_1_77' title='bbox 130 1595 131 1598; x_wconf 8' lang='grc' dir='ltr'><strong>Ἴ</strong></span> <span class='ocrx_word' id='word_1_78' title='bbox 206 1622 361 1696; x_wconf 91' lang='lat' dir='ltr'>quentes,</span> <span class='ocrx_word' id='word_1_79' title='bbox 394 1633 437 1676; x_wconf 90' lang='lat' dir='ltr'>ne</span> <span class='ocrx_word' id='word_1_80' title='bbox 460 1620 672 1676; x_wconf 91' lang='lat' dir='ltr'>mortuorum</span> <span class='ocrx_word' id='word_1_81' title='bbox 695 1610 793 1676; x_wconf 94' lang='lat' dir='ltr'>obliti</span> <span class='ocrx_word' id='word_1_82' title='bbox 818 1612 1007 1688; x_wconf 90' lang='lat' dir='ltr'>videantur,</span> <span class='ocrx_word' id='word_1_83' title='bbox 1031 1612 1223 1691; x_wconf 90' lang='lat' dir='ltr'>libationes,</span> <span class='ocrx_word' id='word_1_84' title='bbox 1248 1615 1358 1693; x_wconf 89' lang='lat' dir='ltr'>flores,</span> 
     </span>
    </p>
   </div>
   <div class='ocr_carea' id='block_1_4' title="bbox 205 1733 1361 4115">
    <p class='ocr_par' dir='ltr' id='par_1_4' title="bbox 205 1733 1358 1938">
     <span class='ocr_line' id='line_1_12' title="bbox 205 1733 1358 1821; baseline 0.003 -23"><span class='ocrx_word' id='word_1_85' title='bbox 205 1735 298 1798; x_wconf 92' lang='lat' dir='ltr'>dona</span> <span class='ocrx_word' id='word_1_86' title='bbox 322 1735 430 1798; x_wconf 92' lang='lat' dir='ltr'>multa</span> <span class='ocrx_word' id='word_1_87' title='bbox 453 1742 488 1797; x_wconf 90' lang='lat' dir='ltr'>et</span> <span class='ocrx_word' id='word_1_88' title='bbox 509 1733 602 1797; x_wconf 90' lang='lat' dir='ltr'>varia</span> <span class='ocrx_word' id='word_1_89' title='bbox 623 1733 787 1817; x_wconf 88' lang='lat' dir='ltr'>sepulcris</span> <span class='ocrx_word' id='word_1_90' title='bbox 806 1733 990 1798; x_wconf 82' lang='lat' dir='ltr'>inferentes</span> <span class='ocrx_word' id='word_1_91' title='bbox 1010 1754 1119 1817; x_wconf 90' lang='lat' dir='ltr'>eaque</span> <span class='ocrx_word' id='word_1_92' title='bbox 1132 1737 1257 1814; x_wconf 92' lang='lat' dir='ltr'>omnia,</span> <span class='ocrx_word' id='word_1_93' title='bbox 1271 1758 1358 1821; x_wconf 92' lang='lat' dir='ltr'>quae</span> 
     </span>
     <span class='ocr_line' id='line_1_13' title="bbox 206 1856 766 1938; baseline -0.004 -18"><span class='ocrx_word' id='word_1_94' title='bbox 206 1856 348 1920; x_wconf 91' lang='lat' dir='ltr'>mortuis</span> <span class='ocrx_word' id='word_1_95' title='bbox 372 1864 469 1938; x_wconf 88' lang='lat' dir='ltr'>grata</span> <span class='ocrx_word' id='word_1_96' title='bbox 492 1874 566 1918; x_wconf 88' lang='lat' dir='ltr'>esse</span> <span class='ocrx_word' id='word_1_97' title='bbox 592 1862 766 1937; x_wconf 91' lang='lat' dir='ltr'>putantur.</span> 
     </span>
    </p>

    <p class='ocr_par' dir='ltr' id='par_1_5' title="bbox 205 1975 1360 3147">
     <span class='ocr_line' id='line_1_14' title="bbox 252 1975 1359 2050; baseline 0.002 -10"><span class='ocrx_word' id='word_1_98' title='bbox 252 1976 297 2040; x_wconf 91' lang='lat' dir='ltr'>Iis</span> <span class='ocrx_word' id='word_1_99' title='bbox 332 1976 489 2039; x_wconf 92' lang='lat' dir='ltr'>omnibus</span> <span class='ocrx_word' id='word_1_100' title='bbox 512 1975 782 2050; x_wconf 89' lang='lat' dir='ltr'>adducebantur,</span> <span class='ocrx_word' id='word_1_101' title='bbox 807 1983 845 2038; x_wconf 91' lang='lat' dir='ltr'>ut</span> <span class='ocrx_word' id='word_1_102' title='bbox 868 1975 1079 2039; x_wconf 90' lang='lat' dir='ltr'>condicionis</span> <span class='ocrx_word' id='word_1_103' title='bbox 1103 1984 1316 2041; x_wconf 92' lang='lat' dir='ltr'>mortuorum</span> <span class='ocrx_word' id='word_1_104' title='bbox 1339 1999 1359 2042; x_wconf 90' lang='lat' dir='ltr'>a</span> 
     </span>
     <span class='ocr_line' id='line_1_15' title="bbox 206 2096 1359 2182; baseline 0 -19"><span class='ocrx_word' id='word_1_105' title='bbox 206 2099 293 2163; x_wconf 92' lang='lat' dir='ltr'>vivis</span> <span class='ocrx_word' id='word_1_106' title='bbox 328 2117 465 2182; x_wconf 91' lang='lat' dir='ltr'>prorsus</span> <span class='ocrx_word' id='word_1_107' title='bbox 497 2097 651 2160; x_wconf 91' lang='lat' dir='ltr'>diversae</span> <span class='ocrx_word' id='word_1_108' title='bbox 676 2096 734 2159; x_wconf 89' lang='lat' dir='ltr'>vix</span> <span class='ocrx_word' id='word_1_109' title='bbox 758 2096 1003 2178; x_wconf 85' lang='lat' dir='ltr'>cogitationem</span> <span class='ocrx_word' id='word_1_110' title='bbox 1028 2096 1205 2161; x_wconf 91' lang='lat' dir='ltr'>haberent.</span> <span class='ocrx_word' id='word_1_111' title='bbox 1231 2099 1359 2163; x_wconf 91' lang='lat' dir='ltr'>Mortui</span> 
     </span>
     <span class='ocr_line' id='line_1_16' title="bbox 205 2217 1359 2303; baseline 0 -19"><span class='ocrx_word' id='word_1_112' title='bbox 205 2221 332 2294; x_wconf 92' lang='lat' dir='ltr'>audire,</span> <span class='ocrx_word' id='word_1_113' title='bbox 351 2219 479 2293; x_wconf 92' lang='lat' dir='ltr'>videre,</span> <span class='ocrx_word' id='word_1_114' title='bbox 495 2217 589 2300; x_wconf 92' lang='lat' dir='ltr'>loqui</span> <span class='ocrx_word' id='word_1_115' title='bbox 602 2217 771 2293; x_wconf 88' lang='lat' dir='ltr'>dicuntur,</span> <span class='ocrx_word' id='word_1_116' title='bbox 785 2218 910 2300; x_wconf 87' lang='lat' dir='ltr'>gaudio</span> <span class='ocrx_word' id='word_1_117' title='bbox 923 2219 1104 2282; x_wconf 92' lang='lat' dir='ltr'>tristitiave</span> <span class='ocrx_word' id='word_1_118' title='bbox 1116 2219 1204 2283; x_wconf 89' lang='lat' dir='ltr'>affici</span> <span class='ocrx_word' id='word_1_119' title='bbox 1217 2218 1359 2303; x_wconf 90' lang='lat' dir='ltr'>aliisque</span> 
     </span>
     <span class='ocr_line' id='line_1_17' title="bbox 207 2339 1358 2424; baseline 0.001 -19"><span class='ocrx_word' id='word_1_120' title='bbox 207 2342 311 2406; x_wconf 91' lang='lat' dir='ltr'>animi</span> <span class='ocrx_word' id='word_1_121' title='bbox 342 2339 537 2415; x_wconf 80' lang='lat' dir='ltr'>affectibus3</span> <span class='ocrx_word' id='word_1_122' title='bbox 570 2359 658 2422; x_wconf 91' lang='lat' dir='ltr'>quae</span> <span class='ocrx_word' id='word_1_123' title='bbox 690 2339 718 2401; x_wconf 92' lang='lat' dir='ltr'>si</span> <span class='ocrx_word' id='word_1_124' title='bbox 741 2339 817 2421; x_wconf 91' lang='lat' dir='ltr'>quis</span> <span class='ocrx_word' id='word_1_125' title='bbox 840 2339 1021 2403; x_wconf 91' lang='lat' dir='ltr'>artificiose</span> <span class='ocrx_word' id='word_1_126' title='bbox 1045 2349 1232 2424; x_wconf 92' lang='lat' dir='ltr'>componat</span> <span class='ocrx_word' id='word_1_127' title='bbox 1255 2350 1292 2405; x_wconf 93' lang='lat' dir='ltr'>et</span> <span class='ocrx_word' id='word_1_128' title='bbox 1315 2344 1358 2407; x_wconf 93' lang='lat' dir='ltr'>ad</span> 
     </span>
     <span class='ocr_line' id='line_1_18' title="bbox 205 2462 1360 2547; baseline 0.003 -23"><span class='ocrx_word' id='word_1_129' title='bbox 205 2463 373 2525; x_wconf 91' lang='lat' dir='ltr'>rationem</span> <span class='ocrx_word' id='word_1_130' title='bbox 407 2468 585 2543; x_wconf 86' lang='lat' dir='ltr'>artemque</span> <span class='ocrx_word' id='word_1_131' title='bbox 617 2468 766 2535; x_wconf 91' lang='lat' dir='ltr'>revocet,</span> <span class='ocrx_word' id='word_1_132' title='bbox 799 2462 1021 2525; x_wconf 91' lang='lat' dir='ltr'>metuendum</span> <span class='ocrx_word' id='word_1_133' title='bbox 1054 2482 1097 2524; x_wconf 92' lang='lat' dir='ltr'>ne</span> <span class='ocrx_word' id='word_1_134' title='bbox 1128 2483 1148 2526; x_wconf 92' lang='lat' dir='ltr'>a</span> <span class='ocrx_word' id='word_1_135' title='bbox 1180 2465 1360 2547; x_wconf 93' lang='lat' dir='ltr'>proposito</span> 
     </span>
     <span class='ocr_line' id='line_1_19' title="bbox 206 2579 1358 2664; baseline 0.002 -20"><span class='ocrx_word' id='word_1_136' title='bbox 206 2581 338 2663; x_wconf 88' lang='lat' dir='ltr'>longius</span> <span class='ocrx_word' id='word_1_137' title='bbox 351 2579 496 2644; x_wconf 90' lang='lat' dir='ltr'>aberret.</span> <span class='ocrx_word' id='word_1_138' title='bbox 511 2580 625 2643; x_wconf 90' lang='lat' dir='ltr'>Voces</span> <span class='ocrx_word' id='word_1_139' title='bbox 638 2600 741 2662; x_wconf 93' lang='lat' dir='ltr'>porro</span> <span class='ocrx_word' id='word_1_140' title='bbox 754 2600 841 2663; x_wconf 90' lang='lat' dir='ltr'>quae</span> <span class='ocrx_word' id='word_1_141' title='bbox 855 2588 934 2643; x_wconf 92' lang='lat' dir='ltr'>sunt</span> <span class='ocrx_word' id='word_1_142' title='bbox 947 2599 1074 2664; x_wconf 75' lang='lat' dir='ltr'>maneS,</span> <span class='ocrx_word' id='word_1_143' title='bbox 1087 2581 1211 2658; x_wconf 90' lang='lat' dir='ltr'>anima,</span> <span class='ocrx_word' id='word_1_144' title='bbox 1225 2582 1358 2659; x_wconf 90' lang='lat' dir='ltr'>umbra,</span> 
     </span>
     <span class='ocr_line' id='line_1_20' title="bbox 206 2701 1360 2777; baseline 0.003 -13"><span class='ocrx_word' id='word_1_145' title='bbox 206 2701 398 2765; x_wconf 89' lang='lat' dir='ltr'>cavendum</span> <span class='ocrx_word' id='word_1_146' title='bbox 429 2708 481 2764; x_wconf 90' lang='lat' dir='ltr'>est</span> <span class='ocrx_word' id='word_1_147' title='bbox 512 2721 555 2764; x_wconf 92' lang='lat' dir='ltr'>ne</span> <span class='ocrx_word' id='word_1_148' title='bbox 586 2701 620 2763; x_wconf 92' lang='lat' dir='ltr'>in</span> <span class='ocrx_word' id='word_1_149' title='bbox 653 2721 802 2765; x_wconf 87' lang='lat' dir='ltr'>errorem</span> <span class='ocrx_word' id='word_1_150' title='bbox 825 2702 999 2777; x_wconf 89' lang='lat' dir='ltr'>inducant,</span> <span class='ocrx_word' id='word_1_151' title='bbox 1022 2722 1101 2766; x_wconf 93' lang='lat' dir='ltr'>cum</span> <span class='ocrx_word' id='word_1_152' title='bbox 1124 2709 1183 2766; x_wconf 92' lang='lat' dir='ltr'>aut</span> <span class='ocrx_word' id='word_1_153' title='bbox 1206 2702 1360 2767; x_wconf 91' lang='lat' dir='ltr'>animum</span> 
     </span>
     <span class='ocr_line' id='line_1_21' title="bbox 207 2821 1359 2906; baseline 0 -19"><span class='ocrx_word' id='word_1_154' title='bbox 207 2842 381 2887; x_wconf 90' lang='lat' dir='ltr'>remanere</span> <span class='ocrx_word' id='word_1_155' title='bbox 414 2822 614 2906; x_wconf 90' lang='lat' dir='ltr'>plerumque</span> <span class='ocrx_word' id='word_1_156' title='bbox 646 2829 835 2897; x_wconf 90' lang='lat' dir='ltr'>censerent,</span> <span class='ocrx_word' id='word_1_157' title='bbox 867 2821 925 2904; x_wconf 95' lang='lat' dir='ltr'>qui</span> <span class='ocrx_word' id='word_1_158' title='bbox 957 2821 998 2884; x_wconf 92' lang='lat' dir='ltr'>iis</span> <span class='ocrx_word' id='word_1_159' title='bbox 1028 2822 1222 2898; x_wconf 87' lang='lat' dir='ltr'>utebantur,</span> <span class='ocrx_word' id='word_1_160' title='bbox 1248 2822 1359 2887; x_wconf 87' lang='lat' dir='ltr'>forma</span> 
     </span>
     <span class='ocr_line' id='line_1_22' title="bbox 205 2941 1359 3026; baseline 0.003 -23"><span class='ocrx_word' id='word_1_161' title='bbox 205 2959 370 3023; x_wconf 92' lang='lat' dir='ltr'>corporea</span> <span class='ocrx_word' id='word_1_162' title='bbox 394 2941 448 3004; x_wconf 90' lang='lat' dir='ltr'>vel</span> <span class='ocrx_word' id='word_1_163' title='bbox 472 2944 624 3025; x_wconf 91' lang='lat' dir='ltr'>corporis</span> <span class='ocrx_word' id='word_1_164' title='bbox 642 2952 763 3007; x_wconf 92' lang='lat' dir='ltr'>natura</span> <span class='ocrx_word' id='word_1_165' title='bbox 782 2943 975 3026; x_wconf 91' lang='lat' dir='ltr'>praeditum</span> <span class='ocrx_word' id='word_1_166' title='bbox 996 2951 1055 3006; x_wconf 92' lang='lat' dir='ltr'>aut</span> <span class='ocrx_word' id='word_1_167' title='bbox 1068 2943 1150 3006; x_wconf 93' lang='lat' dir='ltr'>nihil</span> <span class='ocrx_word' id='word_1_168' title='bbox 1163 2943 1203 3006; x_wconf 89' lang='lat' dir='ltr'>iis</span> <span class='ocrx_word' id='word_1_169' title='bbox 1216 2942 1359 3008; x_wconf 91' lang='lat' dir='ltr'>definite</span> 
     </span>
     <span class='ocr_line' id='line_1_23' title="bbox 207 3063 799 3147; baseline -0.002 -21"><span class='ocrx_word' id='word_1_170' title='bbox 207 3071 242 3126; x_wconf 91' lang='lat' dir='ltr'>et</span> <span class='ocrx_word' id='word_1_171' title='bbox 266 3064 425 3127; x_wconf 91' lang='lat' dir='ltr'>distincte</span> <span class='ocrx_word' id='word_1_172' title='bbox 451 3084 554 3147; x_wconf 90' lang='lat' dir='ltr'>saepe</span> <span class='ocrx_word' id='word_1_173' title='bbox 580 3063 799 3147; x_wconf 86' lang='lat' dir='ltr'>significetur.</span> 
     </span>
    </p>

    <p class='ocr_par' dir='ltr' id='par_1_6' title="bbox 205 3182 1361 3629">
     <span class='ocr_line' id='line_1_24' title="bbox 251 3182 1361 3267; baseline 0.002 -21"><span class='ocrx_word' id='word_1_174' title='bbox 251 3184 290 3247; x_wconf 93' lang='lat' dir='ltr'>In</span> <span class='ocrx_word' id='word_1_175' title='bbox 321 3193 474 3247; x_wconf 91' lang='lat' dir='ltr'>mortuos</span> <span class='ocrx_word' id='word_1_176' title='bbox 504 3185 636 3267; x_wconf 89' lang='lat' dir='ltr'>antiqui</span> <span class='ocrx_word' id='word_1_177' title='bbox 666 3184 856 3248; x_wconf 93' lang='lat' dir='ltr'>identidem</span> <span class='ocrx_word' id='word_1_178' title='bbox 888 3182 1142 3259; x_wconf 89' lang='lat' dir='ltr'>transtulemnt,</span> <span class='ocrx_word' id='word_1_179' title='bbox 1167 3193 1361 3266; x_wconf 91' lang='lat' dir='ltr'>quaesunt</span> 
     </span>
     <span class='ocr_line' id='line_1_25' title="bbox 207 3303 1360 3387; baseline 0.003 -20"><span class='ocrx_word' id='word_1_180' title='bbox 207 3303 383 3367; x_wconf 92' lang='lat' dir='ltr'>hominum</span> <span class='ocrx_word' id='word_1_181' title='bbox 418 3304 622 3368; x_wconf 90' lang='lat' dir='ltr'>viventium:</span> <span class='ocrx_word' id='word_1_182' title='bbox 655 3303 702 3367; x_wconf 91' lang='lat' dir='ltr'>nil</span> <span class='ocrx_word' id='word_1_183' title='bbox 733 3303 888 3387; x_wconf 82' lang='lat' dir='ltr'>amplius</span> <span class='ocrx_word' id='word_1_184' title='bbox 914 3304 1016 3368; x_wconf 95' lang='lat' dir='ltr'>Nulla</span> <span class='ocrx_word' id='word_1_185' title='bbox 1039 3325 1182 3387; x_wconf 88' lang='lat' dir='ltr'>usquam</span> <span class='ocrx_word' id='word_1_186' title='bbox 1206 3305 1295 3369; x_wconf 90' lang='lat' dir='ltr'>ratio</span> <span class='ocrx_word' id='word_1_187' title='bbox 1319 3327 1360 3370; x_wconf 91' lang='lat' dir='ltr'>ac</span> 
     </span>
     <span class='ocr_line' id='line_1_26' title="bbox 206 3423 1361 3509; baseline 0.003 -22"><span class='ocrx_word' id='word_1_188' title='bbox 206 3423 401 3507; x_wconf 89' lang='lat' dir='ltr'>disciplina:</span> <span class='ocrx_word' id='word_1_189' title='bbox 423 3425 530 3488; x_wconf 92' lang='lat' dir='ltr'>immo</span> <span class='ocrx_word' id='word_1_190' title='bbox 550 3425 802 3489; x_wconf 90' lang='lat' dir='ltr'>controversiae</span> <span class='ocrx_word' id='word_1_191' title='bbox 815 3444 878 3489; x_wconf 91' lang='lat' dir='ltr'>nec</span> <span class='ocrx_word' id='word_1_192' title='bbox 892 3425 1080 3509; x_wconf 90' lang='lat' dir='ltr'>quidquam</span> <span class='ocrx_word' id='word_1_193' title='bbox 1093 3426 1186 3509; x_wconf 92' lang='lat' dir='ltr'>quod</span> <span class='ocrx_word' id='word_1_194' title='bbox 1199 3426 1361 3492; x_wconf 86' lang='lat' dir='ltr'>omnibus</span> 
     </span>
     <span class='ocr_line' id='line_1_27' title="bbox 205 3545 378 3629; baseline 0.006 -21"><span class='ocrx_word' id='word_1_195' title='bbox 205 3545 378 3629; x_wconf 90' lang='lat' dir='ltr'>probetur.</span> 
     </span>
    </p>

    <p class='ocr_par' dir='ltr' id='par_1_7' title="bbox 207 3665 1361 4115">
     <span class='ocr_line' id='line_1_28' title="bbox 252 3665 1361 3751; baseline 0.005 -23"><span class='ocrx_word' id='word_1_196' title='bbox 252 3665 326 3748; x_wconf 68' lang='lat' dir='ltr'>§a</span> <span class='ocrx_word' id='word_1_197' title='bbox 362 3668 401 3730; x_wconf 94' lang='lat' dir='ltr'>In</span> <span class='ocrx_word' id='word_1_198' title='bbox 437 3667 569 3731; x_wconf 90' lang='lat' dir='ltr'>ratione</span> <span class='ocrx_word' id='word_1_199' title='bbox 603 3667 850 3749; x_wconf 86' lang='lat' dir='ltr'>investiganda,</span> <span class='ocrx_word' id='word_1_200' title='bbox 884 3686 952 3750; x_wconf 88' lang='lat' dir='ltr'>qua</span> <span class='ocrx_word' id='word_1_201' title='bbox 983 3675 1063 3751; x_wconf 91' lang='lat' dir='ltr'>post</span> <span class='ocrx_word' id='word_1_202' title='bbox 1093 3668 1199 3732; x_wconf 92' lang='lat' dir='ltr'>vitam</span> <span class='ocrx_word' id='word_1_203' title='bbox 1232 3670 1361 3734; x_wconf 89' lang='lat' dir='ltr'>mortui</span> 
     </span>
     <span class='ocr_line' id='line_1_29' title="bbox 207 3788 1360 3865; baseline 0.006 -17"><span class='ocrx_word' id='word_1_204' title='bbox 207 3806 382 3852; x_wconf 90' lang='lat' dir='ltr'>remanere</span> <span class='ocrx_word' id='word_1_205' title='bbox 413 3790 605 3865; x_wconf 89' lang='lat' dir='ltr'>credantur,</span> <span class='ocrx_word' id='word_1_206' title='bbox 637 3795 848 3851; x_wconf 89' lang='lat' dir='ltr'>mortuorum</span> <span class='ocrx_word' id='word_1_207' title='bbox 872 3788 1034 3852; x_wconf 90' lang='lat' dir='ltr'>iudicium</span> <span class='ocrx_word' id='word_1_208' title='bbox 1059 3789 1194 3853; x_wconf 92' lang='lat' dir='ltr'>silentio</span> <span class='ocrx_word' id='word_1_209' title='bbox 1217 3792 1360 3856; x_wconf 93' lang='lat' dir='ltr'>omnino</span> 
     </span>
     <span class='ocr_line' id='line_1_30' title="bbox 207 3908 1360 3993; baseline 0.005 -23"><span class='ocrx_word' id='word_1_210' title='bbox 207 3908 545 3993; x_wconf 79' lang='lat' dir='ltr'>praetermittetur2),</span> <span class='ocrx_word' id='word_1_211' title='bbox 581 3929 692 3993; x_wconf 90' lang='lat' dir='ltr'>neque</span> <span class='ocrx_word' id='word_1_212' title='bbox 727 3918 916 3991; x_wconf 90' lang='lat' dir='ltr'>quaeretur,</span> <span class='ocrx_word' id='word_1_213' title='bbox 952 3910 1070 3993; x_wconf 90' lang='lat' dir='ltr'>quales</span> <span class='ocrx_word' id='word_1_214' title='bbox 1105 3912 1172 3975; x_wconf 91' lang='lat' dir='ltr'>sint</span> <span class='ocrx_word' id='word_1_215' title='bbox 1202 3911 1360 3976; x_wconf 90' lang='lat' dir='ltr'>homines</span> 
     </span>
     <span class='ocr_line' id='line_1_31' title="bbox 207 4028 1360 4115; baseline 0.006 -26"><span class='ocrx_word' id='word_1_216' title='bbox 207 4028 330 4109; x_wconf 90' lang='lat' dir='ltr'>quibus</span> <span class='ocrx_word' id='word_1_217' title='bbox 349 4028 419 4092; x_wconf 92' lang='lat' dir='ltr'>vita</span> <span class='ocrx_word' id='word_1_218' title='bbox 439 4037 518 4112; x_wconf 92' lang='lat' dir='ltr'>post</span> <span class='ocrx_word' id='word_1_219' title='bbox 538 4037 683 4094; x_wconf 89' lang='lat' dir='ltr'>mortem</span> <span class='ocrx_word' id='word_1_220' title='bbox 703 4029 805 4092; x_wconf 90' lang='lat' dir='ltr'>beata</span> <span class='ocrx_word' id='word_1_221' title='bbox 817 4029 1030 4095; x_wconf 90' lang='lat' dir='ltr'>adiudicetur</span> <span class='ocrx_word' id='word_1_222' title='bbox 1041 4033 1232 4115; x_wconf 90' lang='lat' dir='ltr'>quibusque</span> <span class='ocrx_word' id='word_1_223' title='bbox 1245 4033 1360 4097; x_wconf 91' lang='lat' dir='ltr'>miser·</span> 
     </span>
    </p>
   </div>
   <div class='ocr_carea' id='block_1_5' title="bbox 210 4398 1360 4815">
    <p class='ocr_par' dir='ltr' id='par_1_8' title="bbox 210 4398 1360 4815">
     <span class='ocr_line' id='line_1_32' title="bbox 242 4398 1338 4474; baseline 0.005 -25"><span class='ocrx_word' id='word_1_224' title='bbox 242 4398 268 4466; x_wconf 90' lang='lat'>1)</span> <span class='ocrx_word' id='word_1_225' title='bbox 287 4401 323 4450; x_wconf 91' lang='lat' dir='ltr'>At</span> <span class='ocrx_word' id='word_1_226' title='bbox 341 4400 374 4450; x_wconf 88' lang='lat' dir='ltr'>cf.</span> <span class='ocrx_word' id='word_1_227' title='bbox 393 4400 457 4451; x_wconf 92' lang='lat' dir='ltr'>Bch.</span> <span class='ocrx_word' id='word_1_228' title='bbox 479 4414 562 4451; x_wconf 86' lang='lat'>1200:</span> <span class='ocrx_word' id='word_1_229' title='bbox 600 4400 715 4467; x_wconf 86' lang='lat' dir='ltr'>quodsi</span> <span class='ocrx_word' id='word_1_230' title='bbox 732 4418 784 4468; x_wconf 85' lang='lat' dir='ltr'>qua</span> <span class='ocrx_word' id='word_1_231' title='bbox 803 4402 836 4452; x_wconf 81' lang='lat' dir='ltr'>ad</span> <span class='ocrx_word' id='word_1_232' title='bbox 857 4404 949 4453; x_wconf 81' lang='lat' dir='ltr'>Manes</span> <span class='ocrx_word' id='word_1_233' title='bbox 968 4403 1066 4469; x_wconf 90' lang='lat' dir='ltr'>poterit</span> <span class='ocrx_word' id='word_1_234' title='bbox 1083 4403 1240 4455; x_wconf 89' lang='lat' dir='ltr'>descendere</span> <span class='ocrx_word' id='word_1_235' title='bbox 1258 4404 1338 4474; x_wconf 81' lang='lat' dir='ltr'>lama,</span> 
     </span>
     <span class='ocr_line' id='line_1_33' title="bbox 629 4489 1236 4556; baseline 0.005 -18"><span class='ocrx_word' id='word_1_236' title='bbox 629 4505 739 4554; x_wconf 85' lang='lat' dir='ltr'>magnus</span> <span class='ocrx_word' id='word_1_237' title='bbox 757 4489 842 4539; x_wconf 91' lang='lat' dir='ltr'>honos</span> <span class='ocrx_word' id='word_1_238' title='bbox 861 4490 960 4554; x_wconf 88' lang='lat' dir='ltr'>campis</span> <span class='ocrx_word' id='word_1_239' title='bbox 979 4495 1005 4540; x_wconf 89' lang='lat' dir='ltr'>te</span> <span class='ocrx_word' id='word_1_240' title='bbox 1023 4497 1111 4541; x_wconf 86' lang='lat' dir='ltr'>manet</span> <span class='ocrx_word' id='word_1_241' title='bbox 1130 4490 1236 4556; x_wconf 85' lang='lat' dir='ltr'>Elysiis.</span> 
     </span>
     <span class='ocr_line' id='line_1_34' title="bbox 239 4572 1360 4641; baseline 0.008 -18"><span class='ocrx_word' id='word_1_242' title='bbox 239 4572 267 4639; x_wconf 89' lang='lat'>2)</span> <span class='ocrx_word' id='word_1_243' title='bbox 291 4574 324 4624; x_wconf 90' lang='lat' dir='ltr'>cl.</span> <span class='ocrx_word' id='word_1_244' title='bbox 350 4576 380 4624; x_wconf 92' lang='lat' dir='ltr'>L.</span> <span class='ocrx_word' id='word_1_245' title='bbox 400 4573 480 4623; x_wconf 89' lang='lat' dir='ltr'>Ruhl.</span> <span class='ocrx_word' id='word_1_246' title='bbox 499 4576 540 4625; x_wconf 89' lang='lat' dir='ltr'>De</span> <span class='ocrx_word' id='word_1_247' title='bbox 558 4583 718 4625; x_wconf 88' lang='lat' dir='ltr'>mortuorum</span> <span class='ocrx_word' id='word_1_248' title='bbox 736 4576 841 4625; x_wconf 86' lang='lat' dir='ltr'>iudicio.</span> <span class='ocrx_word' id='word_1_249' title='bbox 860 4576 1203 4641; x_wconf 85' lang='lat' dir='ltr'>Religiousgeschichtliche</span> <span class='ocrx_word' id='word_1_250' title='bbox 1222 4579 1360 4632; x_wconf 87' lang='lat' dir='ltr'>Versucbe</span> 
     </span>
     <span class='ocr_line' id='line_1_35' title="bbox 210 4660 1359 4727; baseline 0.008 -18"><span class='ocrx_word' id='word_1_251' title='bbox 210 4660 265 4710; x_wconf 91' lang='lat' dir='ltr'>und</span> <span class='ocrx_word' id='word_1_252' title='bbox 292 4661 475 4727; x_wconf 82' lang='lat' dir='ltr'>Vorarbeiten,</span> <span class='ocrx_word' id='word_1_253' title='bbox 503 4661 715 4727; x_wconf 85' lang='lat' dir='ltr'>herausgegeben</span> <span class='ocrx_word' id='word_1_254' title='bbox 741 4678 794 4712; x_wconf 89' lang='lat' dir='ltr'>von</span> <span class='ocrx_word' id='word_1_255' title='bbox 819 4663 851 4712; x_wconf 79' lang='lat' dir='ltr'>A.</span> <span class='ocrx_word' id='word_1_256' title='bbox 871 4663 1005 4713; x_wconf 89' lang='lat' dir='ltr'>Dieterich</span> <span class='ocrx_word' id='word_1_257' title='bbox 1023 4664 1078 4715; x_wconf 93' lang='lat' dir='ltr'>und</span> <span class='ocrx_word' id='word_1_258' title='bbox 1095 4666 1128 4714; x_wconf 90' lang='lat' dir='ltr'>R.</span> <span class='ocrx_word' id='word_1_259' title='bbox 1148 4665 1267 4716; x_wconf 82' lang='lat' dir='ltr'>wunsch</span> <span class='ocrx_word' id='word_1_260' title='bbox 1286 4667 1321 4718; x_wconf 85' lang='lat' dir='ltr'>II.</span> <span class='ocrx_word' id='word_1_261' title='bbox 1342 4682 1359 4720; x_wconf 83' lang='lat'><em>2</em></span> 
     </span>
     <span class='ocr_line' id='line_1_36' title="bbox 212 4747 844 4815; baseline 0.005 -19"><span class='ocrx_word' id='word_1_262' title='bbox 212 4747 322 4797; x_wconf 91' lang='lat' dir='ltr'>Gieszen</span> <span class='ocrx_word' id='word_1_263' title='bbox 345 4760 420 4812; x_wconf 87' lang='lat'>1903.</span> <span class='ocrx_word' id='word_1_264' title='bbox 440 4748 542 4799; x_wconf 87' lang='lat' dir='ltr'>Platon.</span> <span class='ocrx_word' id='word_1_265' title='bbox 564 4749 659 4799; x_wconf 88' lang='lat' dir='ltr'>Phaed.</span> <span class='ocrx_word' id='word_1_266' title='bbox 682 4751 766 4812; x_wconf 86' lang='lat' dir='ltr'>113D</span> <span class='ocrx_word' id='word_1_267' title='bbox 785 4764 844 4815; x_wconf 89' lang='lat' dir='ltr'>sqq.</span> 
     </span>
    </p>
   </div>
   <div class='ocr_carea' id='block_1_6' title="bbox 0 0 1574 5476">
    <p class='ocr_par' dir='ltr' id='par_1_9' title="bbox 0 0 1574 5476">
     <span class='ocr_line' id='line_1_37' title="bbox 0 0 1574 5476; baseline 0 0"><span class='ocrx_word' id='word_1_268' title='bbox 0 0 1574 5476; x_wconf 95' lang='lat' dir='ltr'> </span> 
     </span>
    </p>
   </div>
  </div>
 </body>
</html>
