3134 5476
769 374 834 438 116

222 554 271 617 Pii
296 554 477 638 praecipue
502 553 666 630 homines,
691 555 748 638 qui
773 553 917 617 honeste
941 551 1102 628 vixerint,
1128 558 1208 634 post
1230 556 1375 612 mortem

222 675 313 757 apud
338 675 421 738 deos
441 675 474 738 in
495 683 596 739 coetu
616 675 793 739 beatorum
814 675 929 739 vivere
954 672 1113 737 dicuntur
1129 668 1162 756 ¹).
1187 669 1229 734 cs.
1256 669 1376 735 Rohde

222 791 274 856 1.1.
299 789 359 857 11³
382 814 416 877 p.
441 810 507 860 220
529 795 649 859 adnot.
672 811 696 874 4
718 795 740 858 i.
754 794 775 858 i.

267 1035 390 1100 Aether
413 1036 562 1119 denique
587 1037 686 1100 sedes
710 1055 783 1098 esse
807 1035 1047 1099 defunctorum
1071 1032 1215 1098 dicitur:

225 1154 306 1219 Bch.
344 1170 424 1237 545:
449 1165 501 1221 set
525 1165 640 1221 tamen
665 1156 816 1221 aetheria
840 1157 925 1221 vivis
949 1165 1028 1241 post
1052 1155 1170 1220 funera
1194 1154 1278 1218 sede

449 1276 539 1342 sama
563 1279 692 1362 vigens.

225 1395 425 1478 Bch.153o:
450 1398 514 1461 ibis
538 1398 571 1461 in
597 1406 734 1482 optatas
758 1399 866 1473 sedes,
892 1417 971 1461 nam
996 1396 1152 1481 Iuppiter
1175 1395 1333 1460 aethram

492 1522 622 1602 pandit,
647 1519 761 1595 Feste‚
786 1519 848 1583 tibi
873 1519 1049 1596 candidus,
1074 1526 1112 1582 ut
1136 1518 1265 1582 venias.

225 1638 307 1703 Bch.
326 1639 427 1722 1366:
452 1649 574 1704 exacto
599 1640 689 1705 vitae
714 1641 925 1704 transcendit
949 1640 992 1703 ad
1017 1639 1157 1703 aethera
1180 1659 1292 1703 cursu.

225 1759 267 1823 ei.
291 1759 373 1824 Bch.
403 1778 497 1843 1340,
522 1781 624 1825 carm.
649 1761 830 1826 Christian.
855 1759 937 1823 Bch.
967 1775 1062 1843 1347,
1085 1759 1130 1823 A.
1145 1759 1181 1822 P.
1205 1758 1276 1823 VII
1301 1775 1375 1842 472.

270 2001 470 2085 Complures
493 2001 649 2065 consulto
674 2001 771 2064 omisi
795 1999 922 2075 titulos,
943 2000 1007 2064 etsi
1028 2019 1105 2064 cum
1123 2020 1226 2083 supra
1245 1999 1377 2064 collatis

225 2131 298 2187 arte
329 2122 529 2200 cohaerent;
555 2123 612 2205 qui
637 2143 729 2199 vero,
753 2123 846 2204 quod
871 2121 1044 2205 propriam
1069 2119 1198 2185 habent
1223 2119 1376 2196 formam,

225 2263 376 2307 seorsum
401 2251 651 2306 enumerentur.
672 2241 759 2307 Sunt
779 2243 812 2318 ii,
834 2242 957 2325 quibus
978 2262 1100 2325 corpus
1120 2250 1153 2304 et
1165 2241 1279 2305 anima
1291 2241 1378 2304 inter

225 2385 261 2427 se
286 2372 516 2446 opponuntur,
540 2364 588 2427 ita
612 2372 649 2427 ut
673 2383 796 2446 corpus
819 2371 929 2427 terrae
954 2363 1051 2425 reddi
1064 2361 1099 2445 ²),
1125 2362 1239 2425 anima
1263 2369 1378 2426 autem

226 2485 358 2549 caelum
380 2486 453 2548 sive
477 2485 588 2549 sidera
611 2485 682 2548 sive
708 2483 882 2548 aetherem
906 2484 1000 2547 adire
1025 2481 1127 2566 vulgo
1151 2483 1285 2547 dicatur
1298 2479 1334 2565 3).

226 2605 307 2671 Βοὴ.
327 2607 426 2689 1366:
451 2615 625 2669 terrenum
649 2605 780 2668 tumulo
805 2604 901 2679 dans,
926 2603 1074 2667 animam
1098 2602 1241 2686 superis.

227 2726 308 2791 Βοὴ.
327 2744 428 2808 142οι
452 2736 542 2791 astra
565 2733 661 2789 tenet
684 2726 843 2800 animam,
869 2731 1005 2786 caetera
1028 2721 1128 2787 tellus
1150 2721 1266 2786 habet.

226 2848 308 2912 Βοὴ.
328 2865 427 2930 1433:
451 2848 570 2912 bustus
590 2847 743 2911 membra
763 2854 869 2923 tenet,
891 2865 987 2908 mens
1007 2844 1091 2908 caeli
1104 2844 1216 2927 pergit
1230 2843 1263 2907 in
1277 2851 1378 2907 astra.

227 2968 308 3033 Bch.
326 2987 338 3032 1
346 2982 361 3050 5
369 2983 427 3052 59:
451 2967 506 3031 hic
531 2988 654 3051 corpus
678 2968 764 3031 vatis
787 2967 923 3044 Laberi,
950 2986 1029 3030 nam
1053 2966 1190 3049 spiritus
1214 2965 1278 3029 ivit
1370 3014 1373 3020 .

449 3088 527 3152 illuc
552 3089 642 3151 unde
666 3096 770 3151 ortus.

227 3209 309 3274 Bch.
327 3224 427 3292 1257:
453 3209 606 3273 membra
632 3208 744 3291 gravis
765 3207 853 3272 texit
875 3207 1028 3291 corporis
1052 3206 1116 3270 iste
1139 3205 1234 3290 lapis.

261 3489 287 3557 1)
311 3489 344 3540 ef.
364 3489 499 3540 Somnium
517 3489 649 3555 Scipionis
671 3489 817 3553 13.15.16.
837 3488 879 3538 Sic
898 3488 967 3538 inter
985 3488 1086 3539 Stoicos
1105 3494 1189 3555 erant,
1207 3489 1254 3553 qui
1273 3489 1379 3555 sapien·

229 3578 293 3627 tium
312 3584 413 3627 tantum
430 3577 529 3627 animas
547 3591 679 3626 remanere
695 3582 817 3640 putarent
832 3575 959 3642 usquead
969 3571 1114 3635 ἐκπύρωσιν.
1131 3577 1218 3626 Laert.
1229 3577 1263 3626 D.
1275 3586 1300 3639 7.
1313 3586 1377 3641 1571

230 3660 354 3720 Κλεάνθης
371 3661 416 3723 μὶν
433 3656 474 3709 οὖν
492 3659 577 3718 πάσεις
594 3661 652 3723 (τὰς
669 3657 769 3723 ψυχὰς)
784 3657 950 3721 ἐπιδιαμένειν
963 3657 1054 3722 (λέγει)
1064 3658 1197 3723 papir-tic
1207 3657 1378 3722 ἐκπυρώσεως,

231 3743 374 3807 Χρύσιππος
392 3742 419 3794 δὲ
436 3745 485 3802 τὰς
501 3749 551 3793 τῶν
568 3747 651 3806 νεφῶν
669 3744 750 3805 μόνον.
767 3745 801 3795 cs.
820 3745 949 3811 exempla,
967 3760 1035 3811 quae
1049 3745 1161 3794 afferunt
1175 3745 1270 3796 Rohde
1285 3746 1304 3796 l.
1313 3747 1331 3796 1.
1352 3763 1378 3813 p.

230 3833 282 3898 318
308 3834 396 3884 adnot.
423 3845 448 3900 3,
478 3834 558 3882 BLier
585 3832 631 3882 l.l.
651 3831 665 3899 ξ
685 3843 727 3896 39.
755 3833 871 3896 Propert.
890 3841 1024 3897 4.17.34,
1043 3840 1120 3895 5.11.
1135 3843 1181 3880 101
1203 3830 1333 3898 (moribus
1352 3841 1379 3884 et

229 3921 330 3971 caelum
346 3920 451 3988 patuit).
471 3922 502 3971 In
522 3920 662 3970 Christian.
682 3935 759 3969 carm.
779 3919 841 3968 talia
858 3918 972 3968 inveniri
991 3933 1038 3983 per
1057 3933 1085 3967 se
1103 3917 1276 3987 intellegitur,
1296 3936 1320 3970 e.
1340 3937 1379 3986 gr.

230 4009 292 4058 Bch.
313 4008 374 4076 662,
397 4021 474 4074 1444,
492 4007 551 4057 alia.

260 4093 288 4163 2)
307 4094 339 4144 cf.
360 4095 444 4144 BLier
462 4094 479 4144 1.
487 4094 506 4144 l.
524 4092 561 4160 ἓξ
580 4106 626 4161 32,
644 4105 686 4157 33.

261 4179 289 4249 3)
307 4182 340 4233 cf.
360 4182 495 4232 Dieterich
514 4181 558 4231 l.l.
578 4198 639 4247 pgg.
661 4194 721 4247 104,
743 4178 800 4230 106.
821 4178 993 4229 Friedihnder
1010 4178 1054 4229 l.l.
1075 4178 1133 4229 111⁰
1149 4194 1175 4244 p.
1187 4188 1236 4243 741
1248 4178 1380 4232 adnotd:

232 4270 285 4334 „Zu
304 4269 394 4319 diesen
414 4266 683 4336 (materialistisehen)
703 4267 900 4317 Grabsehristen
916 4265 975 4333 (qui
991 4281 1027 4316 sc.
1037 4265 1259 4316 immortalitatem
1269 4267 1381 4335 negant)

232 4372 319 4420 „musa
338 4373 398 4406 man
416 4356 484 4405 auch
502 4356 591 4405 solche
611 4355 734 4420 rechnen,
752 4354 796 4404 die
815 4355 874 4403 eine
893 4354 1038 4417 Aufldsung
1057 4352 1085 4402 in
1105 4353 1147 4403 die
1167 4352 1305 4404 Elementa
1324 4371 1383 4405 vor·

233 4443 409 4508 „aussetzen”.
435 4444 494 4492 Hoc
520 4459 618 4510 verum,
637 4443 683 4492 sed
702 4449 776 4492 caute
796 4441 898 4491 videtur
916 4440 1113 4491 diiudicandum
1132 4456 1197 4491 esse.
1217 4441 1247 4491 C.
1259 4442 1280 4492 1.
1291 4443 1322 4492 L.
1340 4442 1382 4492 III

232 4542 300 4594 3247
329 4529 369 4598 (=
383 4530 446 4580 Bch.
469 4517 549 4597 ¹²07)
576 4546 599 4580 e.
625 4547 663 4596 gr.
691 4547 725 4580 an
752 4530 822 4579 inter
849 4545 894 4579 eos
923 4530 1014 4579 titulos
1041 4529 1076 4579 sit
1103 4529 1288 4596 numerandus,
1316 4530 1383 4579 mihi

230 4634 283 4667 non
311 4625 421 4668 constat.
449 4616 495 4684 (cf.
525 4619 587 4667 Bch.
620 4616 707 4683 1206).
734 4616 832 4666 Contra
851 4615 914 4666 Bch.
936 4626 997 4683 590,
1016 4616 1079 4682 611,
1100 4614 1182 4682 1108,
1205 4615 1282 4682 1612,
1304 4615 1382 4683 1604,

233 4705 300 4767 1617
334 4704 468 4772 (spiritum
494 4705 603 4755 reddere
631 4703 761 4771 naturae),
789 4704 811 4754 si
839 4702 904 4768 quid
932 4704 1059 4770 videmus,
1084 4708 1145 4768 post
1172 4702 1252 4752 vitam
1279 4702 1384 4769 aliquid

231 4808 362 4843 remanere
380 4799 486 4858 negant.
