3134 5476
753 343 814 407 106

249 526 454 610 Saepissime
478 526 521 592 de
534 527 682 613 floribus
704 546 816 591 sermo
836 534 897 603 est,
918 527 1042 610 quibus
1054 535 1194 592 ornatur
1206 535 1243 593 et
1255 529 1354 594 deco·

204 658 296 713 ratur
320 646 521 731 sepulcrum,
546 656 584 711 ut
606 647 646 711 iis
669 646 859 711 delectetur
884 655 1045 711 mortuus.
1067 648 1113 711 Et
1134 647 1236 713 flores
1256 649 1356 733 igitur

203 769 290 832 inter
324 788 366 832 ea
396 768 596 832 numerandi
628 775 716 844 sunt,
742 787 829 850 quae
854 767 1092 833 defunctorum
1115 770 1240 832 animis
1260 777 1357 852 grata

203 908 276 951 esse
311 895 482 972 putantur,
518 909 604 971 quos
638 887 693 952 vel
724 888 797 971 ipse
830 895 982 952 mortuus
1013 895 1120 973 rogat,
1154 896 1192 953 ut
1224 889 1355 954 muneri

202 1007 266 1072 sibi
291 1008 423 1071 dentur.

205 1128 285 1192 Bch.
304 1145 382 1211 103:
429 1148 513 1211 rogo
538 1135 635 1211 pater
658 1128 831 1211 (corrupta
853 1136 933 1192 sunt
957 1148 1046 1211 quae
1068 1130 1270 1215 sequuntur)

433 1255 471 1311 ut
495 1248 576 1311 mihi
602 1257 749 1331 ponatur
771 1268 874 1313 omne
898 1249 960 1312 flos
984 1269 1046 1313 suo
1070 1258 1238 1332 tempore.

204 1367 285 1432 Bch.
297 1385 381 1453 492:
962 1389 1001 1433 ac
1026 1389 1148 1453 precor
1172 1378 1210 1435 ut
1234 1378 1272 1434 tu

434 1488 522 1553 hanc
546 1487 636 1552 tituli
659 1488 777 1552 sedem
802 1486 906 1552 velles
930 1488 1091 1554 decorare
1116 1491 1310 1573 quodannis

435 1619 469 1674 et
494 1609 610 1674 foveas
634 1610 709 1672 aevi
733 1618 992 1673 monumentum
1019 1616 1175 1693 tempore
1198 1620 1308 1693 grato,

433 1730 567 1794 roscida
590 1730 617 1793 si
642 1727 754 1794 rosula
777 1750 836 1794 seu
859 1738 958 1812 grato
982 1729 1065 1795 flore
1089 1732 1280 1795 amaranthi

431 1859 466 1914 et
490 1848 604 1914 multis
627 1870 791 1933 generum
815 1850 926 1933 pomis
951 1851 1120 1933 variisque
1144 1852 1312 1934 novisque

432 1979 469 2035 ut
494 1971 601 2055 possit
624 1979 700 2035 toto
724 1970 868 2035 refoveri
892 1972 1058 2054 temporis
1080 1991 1183 2035 anno.

200 2093 280 2157 Bch.
300 2094 401 2175 1256:
426 2112 556 2176 precor,
581 2092 680 2156 amici

436 2210 574 2276 floribus
599 2220 636 2275 ut
659 2218 823 2294 spargant
845 2211 980 2294 saepius
1003 2211 1183 2296 umbra(m)
1206 2213 1330 2276 levem.

204 2334 285 2398 Bch.
301 2334 381 2418 578:
428 2333 556 2397 vicinas
580 2333 662 2396 mihi
690 2353 792 2416 carpe
816 2352 919 2409 rosas,
945 2332 1026 2397 mihi
1047 2332 1116 2397 lilia
1139 2353 1230 2417 pone

437 2455 593 2518 candeda
617 2454 707 2538 (sic!)
731 2475 797 2537 que
821 2454 912 2538 (sic!)
936 2455 1053 2518 viridis
1077 2454 1173 2519 dabit
1197 2454 1345 2520 ortulus:

1070 2575 1136 2639 ista
1160 2574 1302 2641 beatum
1317 2576 1351 2661 ¹).

201 2697 243 2760 ci.
272 2697 365 2779 1036,
395 2697 488 2779 1078,
519 2711 611 2776 1244,
642 2711 736 2779 1279,
765 2708 849 2779 1594
872 2695 928 2779 (=
942 2694 1167 2761 Cholodniak.
1195 2698 1300 2782 2890).

200 2816 281 2880 Bch.
294 2829 378 2897 451:
425 2816 469 2878 sit
493 2815 555 2878 tibi
577 2823 667 2879 terra
686 2813 780 2891 levis,
794 2816 923 2879 cineres
935 2836 1073 2899 quoque
1087 2816 1169 2881 flore
1181 2825 1352 2900 tegantur.

199 2937 280 3001 Bch.
293 2938 377 3022 467:
424 2937 456 3000 ia
480 2936 542 3001 tibi
568 2934 715 3019 Cybeles
738 2937 807 3000 sint
830 2944 865 2999 et
888 2957 964 3001 rosa
987 2945 1085 3019 grata
1110 2937 1239 3002 Diones

429 3065 465 3121 et
488 3056 588 3121 flores
610 3057 697 3140 grati
721 3056 893 3140 Nymphis
916 3066 952 3122 et
972 3056 1042 3121 lilia
1064 3065 1164 3122 serta.

203 3178 285 3243 Bch.
303 3196 403 3242 1111:

235 3306 325 3363 serta
338 3297 420 3362 mihi
429 3296 595 3380 floresque
604 3318 722 3375 novos,
733 3318 809 3361 mea
817 3297 950 3380 gaudia,
960 3306 1093 3381 ponunt
1102 3298 1159 3382 (sc.
1169 3298 1353 3382 parentes).

200 3428 377 3504 praeterea
398 3420 475 3498 488,
502 3432 575 3501 525,
600 3419 676 3495 610,
705 3432 799 3500 1135,
828 3420 920 3498 1185,
950 3418 1043 3500 1508,
1073 3432 1166 3502 1559,
1195 3432 1290 3502 1592.

247 3541 358 3606 Horto
382 3541 553 3605 interdum
567 3536 591 3623 ²)
615 3540 784 3622 variisque
805 3548 839 3603 et
857 3537 996 3603 floribus
1016 3548 1051 3603 et
1070 3539 1248 3603 arboribus
1260 3541 1351 3604 cinc-

199 3670 272 3726 tum
307 3670 359 3725 est
394 3659 596 3742 sepulcrum,
632 3679 777 3743 quorum
812 3659 1001 3723 amoenitas
1036 3679 1076 3723 ac
1112 3658 1352 3724 blandissimus

200 3790 358 3866 aspectus
382 3782 515 3865 optime
540 3780 743 3845 describitur
766 3779 847 3845 Bch.
871 3779 955 3860 468:

242 3923 345 3987 saepe
370 3903 453 3966 meis
476 3900 615 3966 tumulis
637 3901 710 3965 avis
733 3900 798 3986 (ie.
823 3900 908 3985 apis)
932 3898 1052 3964 Attica
1072 3898 1212 3983 parvula
1233 3901 1328 3966 venit

201 4154 328 4220 carnium,
346 4153 391 4204 Gr.
408 4148 581 4220 madelmi),
598 4167 665 4202 neve
683 4167 742 4201 cum
761 4166 826 4201 cena
843 4149 1013 4218 novemdiali,
1023 4166 1090 4216 quae
1100 4157 1160 4217 post
1169 4167 1268 4203 nonum
1280 4152 1351 4204 diem

201 4242 348 4292 habebatur
365 4240 412 4308 (cf.
432 4241 585 4306 Marquardt
603 4240 646 4290 ll.
666 4256 728 4306 pgg.
748 4238 809 4306 378,
827 4237 895 4307 3803
913 4239 997 4288 Tacit.
1016 4239 1112 4290 Annal.
1129 4239 1154 4289 6.
1166 4241 1285 4307 53Hom.
1297 4241 1349 4292 od.

204 4341 229 4394 3.
240 4327 314 4395 309),
340 4343 499 4393 quamquam
524 4334 551 4378 et
569 4342 658 4377 eorum
675 4333 791 4376 mortuus
809 4326 896 4376 socius
914 4341 971 4376 esse
990 4326 1097 4392 proprie
1114 4327 1284 4378 existimatur.
1303 4327 1348 4395 (cf.

204 4415 240 4463 ele
256 4411 337 4462 ’ἔνατα
354 4414 424 4481 apud
442 4414 564 4464 Graecos.
583 4413 678 4464 Rohde
696 4412 739 4462 l.l.
758 4411 789 4461 1³
808 4428 834 4478 p.
855 4423 906 4476 232
926 4412 1014 4462 adnot.
1035 4412 1073 4478 3).

235 4501 261 4568 1)
279 4500 313 4551 ci.
342 4503 394 4552 Kb.
420 4512 450 4564 7:
475 4499 506 4548 τὸ
531 4498 581 4562 γᾶρ
599 4495 676 4561 γέρας
693 4495 752 4545 ἐστὶ
769 4494 894 4546 θανόντων.
912 4498 986 4548 Idem
1005 4499 1084 4549 Hom.
1104 4498 1180 4548 Iliad.
1202 4498 1242 4549 16.
1252 4499 1304 4566 675
1324 4507 1351 4550 et

202 4589 236 4639 al.
255 4589 335 4653 Verg.
355 4588 421 4638 Aen.
445 4600 484 4637 11.
495 4598 543 4651 23:
564 4586 610 4651 qui
628 4585 699 4636 solus
717 4586 801 4636 honos
821 4586 970 4636 Acheronte
989 4587 1038 4636 sub
1057 4585 1110 4635 imo
1129 4593 1175 4635 est.

234 4674 263 4741 2)
280 4675 314 4725 cf.
342 4674 437 4725 Rohde
462 4674 505 4725 l.l.
524 4673 556 4723 1⁸
574 4690 601 4740 p.
620 4685 674 4738 230
693 4680 719 4724 et
737 4673 826 4723 adnot.
845 4688 877 4736 4:
896 4689 1002 4724 nemora
1020 4674 1147 4739 aptabant
1163 4673 1301 4740 sepulcris,
1319 4679 1347 4724 ut

204 4763 232 4812 in
250 4762 408 4813 amoenitate
426 4761 528 4812 animae
547 4760 633 4811 forent
651 4766 711 4827 post
728 4760 810 4810 vitam
828 4756 912 4830 (Serv.
931 4761 960 4811 in
978 4761 1045 4811 Aen.
1066 4768 1090 4826 5.
1101 4758 1173 4828 760).
