3134 5476
728 391 772 455 66

169 570 252 634 Bch.
270 589 371 655 1109:
385 593 454 636 non
477 593 542 655 ego
563 572 744 637 Tartareas
769 571 958 655 penetrabo
981 570 1087 634 tristis
1113 569 1157 632 ad
1182 567 1304 643 undas,

437 713 505 756 non
529 693 759 757 Acheronteis
783 692 984 756 transvehar
1008 690 1130 753 umbra
1153 689 1263 752 vadis.

170 811 251 875 Bch.
267 829 278 875 1
287 826 464 894 552:nunc
473 833 538 896 ego
547 813 779 877 nondubitem
789 813 903 878 tacitis
911 811 1132 876 Acherontos
1141 810 1175 872 in
1187 809 1325 885 umbris,

391 933 419 995 si
444 942 521 1016 post
546 932 615 996 sata
639 942 779 998 manent
803 952 933 1008 sensus,
958 930 1108 1014 gaudere
1132 936 1324 1012 parentem,

170 1052 204 1114 in
236 1072 305 1134 quo
336 1052 485 1116 carmine
516 1051 678 1117 Acheron
711 1054 755 1118 ab
784 1053 900 1117 inferis
926 1072 993 1116 non
1019 1048 1164 1114 multum
1189 1048 1324 1113 differre

172 1172 307 1235 videtur
323 1170 355 1255 ¹).

170 1291 396 1357 Conferantur
419 1294 464 1358 A.
477 1294 513 1357 P.
539 1295 608 1360 VII
633 1312 714 1378 203:

325 1409 406 1494 ᾤχεο
430 1413 494 1494 γὰρ
519 1412 673 1492 πνμοὶτοον
698 1415 742 1485 εἷς
766 1413 951 1494 Ἀχέροντος
976 1409 1053 1476 ὁδόν.

170 1535 257 1599 Ibid.
284 1536 349 1619 396
372 1537 428 1619 (de
453 1534 596 1600 Eteocle
621 1545 656 1600 et
680 1535 872 1620 Polynice):

324 1653 439 1726 κείνους
463 1655 525 1720 οὐδ’
550 1654 655 1730 Ἀίδης
684 1653 903 1735 ἕδομοὶοοοιτο,
927 1655 983 1728 κήν
1007 1650 1172 1732 Ἀχέροντι

324 1775 515 1855 μοέρνοιντοον.

169 1895 265 1960 Idem
299 1913 376 1975 420,
407 1897 485 1980 476,
509 1897 586 1976 482,
612 1912 694 1980 732,
721 1905 898 1980 praeterea
920 1895 962 1959 cf.
988 1896 1042 1980 67,
1067 1895 1120 1970 68,
1150 1893 1222 1968 181,
1248 1893 1321 1973 384,

171 2034 244 2099 391,
270 2034 344 2099 399,
368 2017 445 2095 486,
469 2018 545 2099 488,
573 2017 649 2096 648,
674 2017 749 2101 726,
778 2018 858 2099 568;
884 2017 952 2080 Kb.
978 2015 1056 2098 256,
1082 2014 1156 2090 260,
1183 2013 1258 2075 228.

168 2136 207 2200 dr
230 2135 343 2220 Styge.

168 2256 250 2320 Bch.
264 2272 347 2341 995:
394 2265 430 2322 at
454 2278 543 2321 nunc
568 2258 660 2340 quod
674 2278 823 2340 possum,
837 2257 964 2340 fugiam
976 2256 1156 2337 lucemque
1170 2254 1320 2336 deosque

450 2387 486 2441 ut
509 2387 544 2440 te
569 2386 700 2441 matura
724 2399 785 2461 per
809 2377 918 2460 Styga
941 2385 1052 2440 morte
1075 2395 1210 2458 sequar.

168 2496 250 2560 Bch.
268 2512 369 2578 1005:
394 2497 448 2561 hic
472 2518 537 2580 ego
562 2519 651 2561 nunc
675 2518 780 2581 cogor
804 2496 942 2581 Stygias
965 2497 1108 2561 transire
1133 2495 1287 2579 paludes.

169 2616 211 2680 cs.
229 2634 323 2680 1212.
339 2632 366 2699 5,
391 2618 501 2701 9698
528 2618 688 2701 (deducta
712 2626 747 2681 et
771 2617 865 2681 fatali
890 2618 968 2700 igne
992 2625 1027 2681 et
1051 2637 1141 2699 aqua
1165 2614 1310 2698 Stygia).

213 2736 302 2821 Styx
326 2758 407 2821 ergo
431 2739 464 2801 in
489 2738 541 2802 his
565 2737 690 2803 flumen
712 2747 763 2803 est
783 2737 1009 2802 traiciendum
1029 2745 1065 2801 et
1085 2737 1226 2819 quidem
1238 2744 1320 2812 rate,

169 2878 256 2940 quae
281 2858 361 2922 inde
386 2857 508 2943 Stygia
531 2867 672 2922 vocatur
685 2858 721 2943 ²).

168 2976 249 3040 Bch.
268 2978 368 3061 1187:
393 2978 536 3042 Duceris
559 2980 602 3043 ad
628 2978 784 3063 Stygiam
809 2999 898 3043 nunc
922 2976 1115 3043 miseranda
1139 2985 1258 3041 ratem.

191 3097 233 3161 cs.
264 3098 358 3180 1265,
388 3114 482 3184 1537.

213 3217 329 3302 Stygis
354 3240 442 3302 aqua
466 3219 547 3296 eius,
572 3220 630 3302 qui
654 3220 787 3284 transiit
811 3219 958 3283 reditum
984 3217 1198 3283 intercludit:

170 3338 251 3403 Bch
282 3354 383 3424 1549:

235 3481 319 3543 quas
343 3481 417 3544 ego,
443 3481 527 3543 quas
551 3461 686 3543 genitor
710 3481 773 3544 pro
796 3468 831 3525 te
856 3460 958 3537 dabo,
984 3469 1073 3538 nate,
1098 3459 1278 3543 querellas,

369 3589 572 3664 raptumque
598 3579 720 3664 Stygio
744 3581 877 3645 detinet
901 3580 993 3644 unda
1018 3580 1093 3644 lacu
1108 3577 1142 3664 3).

213 3700 302 3785 Styx
325 3701 416 3764 idem
441 3709 492 3764 est
515 3720 554 3764 ac
579 3701 693 3764 inferi:

168 3821 250 3886 Bch.
262 3834 346 3905 474:
367 3828 447 3884 ante
460 3821 552 3884 diem
565 3822 724 3885 meritum
737 3821 826 3885 hunc
840 3821 1004 3885 demersit
1016 3828 1052 3885 at
1064 3819 1172 3905 Styga
1184 3819 1321 3885 Pluton.

213 3942 299 4006 Inde
323 3941 502 4025 epitheton
527 3941 686 4025 Stygius:

167 4061 250 4125 Bch.
277 4076 357 4145 523:
405 4060 542 4144 Stygias
567 4063 726 4126 miserum
751 4063 879 4126 dimisit
903 4062 946 4128 ad
971 4061 1118 4127 umbras.

213 4181 429 4248 Simillimum
452 4181 522 4246 fere
550 4197 643 4265 1150,
673 4184 766 4266 1278.
792 4182 834 4246 cf.
862 4197 935 4265 513,
962 4195 1044 4266 1757
1058 4180 1206 4264 (carmen
1220 4179 1321 4245 valde

201 4381 228 4449 1)
246 4381 280 4430 cf.
299 4381 363 4430 Bch.
383 4388 433 4444 395
453 4378 546 4445 (regna
565 4380 730 4448 Acherusia),
751 4389 817 4444 1535
838 4379 948 4446 (templa
968 4377 1131 4446 Acherusia).

200 4467 228 4534 2)
247 4467 280 4517 cf.
308 4467 407 4517 Tibull.
436 4479 460 4529 3.
472 4479 496 4530 3.
509 4479 555 4516 10:
581 4467 681 4517 Lethea
708 4467 746 4516 ire
765 4474 829 4534 rate,
847 4466 886 4533 (3.
898 4475 921 4531 5.
933 4465 979 4534 24)
998 4472 1025 4516 et
1042 4467 1159 4531 Propert.
1179 4476 1204 4528 3.
1215 4477 1258 4529 23.
1273 4478 1320 4530 13:

168 4569 274 4604 cernere
291 4553 410 4604 infernae
428 4553 509 4602 tristia
528 4552 587 4602 vela
608 4553 679 4603 ratis.

199 4640 227 4707 3)
245 4640 279 4690 cf.
298 4641 361 4690 Bch.
383 4653 465 4704 1109:
502 4655 551 4689 nec
570 4640 659 4689 Minos
679 4640 743 4690 mihi
761 4640 817 4689 iura
838 4640 911 4690 dabit
929 4640 1092 4705 grandaevus
1110 4644 1136 4688 et
1154 4638 1216 4688 atris

572 4742 626 4776 non
646 4728 737 4776 errabo
755 4726 821 4776 locis
840 4742 888 4776 nec
910 4727 1055 4776 cohibebor
1075 4724 1161 4792 aquis.

169 4822 195 4864 et
212 4815 304 4864 Horat.
324 4814 375 4864 Od.
394 4828 419 4865 2.
431 4826 473 4863 20.
483 4811 509 4863 8.
528 4813 561 4863 cf.
581 4814 675 4863 Horat.
696 4813 747 4863 Od.
766 4828 792 4876 4.
804 4824 829 4877 7.
840 4824 889 4877 27:
909 4813 1022 4865 Lethaea
1041 4811 1154 4863 vincula.
