3134 5476
775 381 818 445 42

218 567 260 609 ea
294 567 330 610 re
362 547 410 610 ita
441 545 616 610 disseruit:
646 547 756 627 „Bene
780 548 960 632 imaginem
984 549 1071 613 dixit
1095 548 1233 633 (poeta).
1259 548 1375 613 Valde

221 667 332 748 „enim
368 666 541 750 quaeritur
575 668 667 750 apud
704 666 926 750 philosophos
961 669 1044 750 quid
1079 667 1162 732 illud
1200 668 1244 731 sit
1279 669 1375 751 quod

222 787 366 868 „inferos
386 795 492 871 petat.
515 786 604 850 Nam
625 787 733 851 tribus
753 795 965 852 constamus:
987 789 1101 852 anima
1120 809 1208 872 quae
1225 809 1378 872 superna

221 915 292 988 „est
316 916 351 970 et
374 906 541 990 originem
565 928 661 970 suam
680 909 778 991 petit,
798 928 941 991 corpore
962 908 1056 990 quod
1078 909 1223 973 interra
1245 908 1376 986 deficit,

211 1013 361 1108 {umbra
390 1048 494 1110 quam
525 1028 704 1092 Lucretius
735 1030 783 1092 sic
815 1028 952 1093 definit:
976 1028 1142 1112 spoliatus
1165 1028 1303 1094 luminis
1315 1029 1375 1114 (·e)

222 1155 298 1228 „a'er
313 1146 345 1230 ¹).
370 1148 463 1231 Ergo
487 1149 608 1213 umbra
632 1150 659 1212 si
679 1170 723 1213 ex
743 1169 885 1232 corpore
905 1157 1048 1226 creatur,
1070 1150 1143 1214 sine
1163 1149 1270 1215 dubio
1285 1151 1376 1234 perit

223 1289 319 1350 „cum
354 1290 407 1346 eo,
440 1289 503 1332 nec
534 1278 586 1334 est
616 1270 803 1353 quidquam
836 1269 1003 1353 reliquum
1036 1272 1080 1335 de
1104 1270 1254 1348 homine,
1280 1273 1375 1354 quod

222 1390 367 1471 „inferos
390 1398 497 1475 petat.
522 1389 591 1455 Sed
616 1389 916 1473 deprehenderunt
939 1411 1013 1454 esse
1037 1390 1213 1474 quoddam
1238 1390 1376 1455 simula·

218 1531 343 1593 „crum,
378 1512 471 1594 quod
506 1510 550 1574 ad
585 1510 691 1573 nostri
726 1511 879 1593 corporis
914 1510 1062 1592 effigiem
1094 1509 1214 1574 fictum
1245 1510 1374 1575 inferos

217 1632 334 1715 „petit
360 1632 406 1695 Et
429 1639 481 1695 est
500 1631 633 1714 species
652 1650 827 1713 corporea,
848 1650 936 1712 quae
958 1650 1026 1693 non
1048 1639 1164 1714 potest
1176 1632 1272 1715 tangi
1285 1632 1375 1696 sicut

216 1760 368 1833 „ventus
403 1751 493 1815 Hinc
524 1750 558 1813 in
582 1757 681 1814 sexto
705 1750 833 1833 (libro):
858 1770 1003 1833 corpora
1027 1751 1105 1814 viva
1130 1751 1226 1815 neias
1249 1750 1374 1835 Stygia

218 1881 374 1952 „vectare
399 1869 547 1935 carina”.
568 1871 614 1934 Et
634 1869 774 1934 deinde:
794 1869 998 1952 „Sciendum
1011 1877 1127 1934 tamen
1140 1870 1236 1935 abuti
1251 1880 1373 1954 poetas

221 2000 275 2072 „et
298 1992 438 2057 confuse
461 1991 516 2056 vel
541 1990 757 2054 simulacrum
782 1990 836 2055 vel
861 1992 1016 2055 umbram
1042 1991 1190 2056 dicere”.

262 2113 359 2197 Quae
384 2135 452 2178 vox
475 2113 590 2196 imago
613 2132 715 2196 saepe
739 2113 896 2176 occurrit.

218 2233 260 2298 cf.
285 2233 375 2298 Aen.
399 2234 430 2297 6.
443 2235 527 2313 480:
552 2240 587 2295 et
611 2231 752 2296 Adrasti
777 2231 936 2315 pallentis
959 2234 1083 2316 imago.

220 2354 309 2418 Aen.
359 2371 388 2418 2.
403 2371 478 2439 792,
503 2353 668 2438 793=6.
682 2370 758 2437 700,
780 2370 841 2437 701
892 2352 946 2436 (ci.
984 2352 1108 2436 Georg.
1151 2371 1184 2433 4.
1200 2368 1275 2435 500,
1298 2368 1372 2434 501,

219 2476 322 2539 Hom.
347 2475 414 2540 Od.
445 2493 492 2538 11.
508 2475 714 2558 206-208):

284 2604 335 2658 ter
358 2603 500 2658 conatus
524 2594 570 2657 ibi
594 2593 683 2658 collo
707 2595 788 2657 dare
812 2592 972 2657 bracchia
996 2593 1134 2668 circum,

282 2722 334 2778 ter
358 2715 480 2779 frustra
504 2735 706 2797 comprensa
729 2734 849 2777 manus
873 2713 992 2795 effugit
1017 2713 1141 2794 imago.

282 2834 355 2919 (par
379 2834 511 2899 levibus
535 2835 647 2898 ventis
671 2832 869 2916 volucrique
894 2832 1066 2896 simillima
1090 2832 1234 2915 somno).

217 2958 336 3021 Horat.
350 2955 416 3021 Od.
435 2971 524 3034 1.24.
540 2969 595 3036 15:
610 2974 679 3017 non
703 2973 811 3017 vanae
835 2953 954 3016 redeat
978 2953 1115 3035 sanguis
1139 2953 1291 3034 imagini.

218 3079 371 3160 Propert.
400 3093 427 3138 1.
446 3094 494 3158 19.
513 3092 568 3138 11:
604 3073 672 3137 illic
681 3073 843 3156 quicquid
853 3094 922 3148 ero,
931 3092 1067 3156 semper
1075 3081 1133 3135 tua
1143 3071 1371 3155 dicarimago.

218 3197 325 3281 Apud
348 3196 541 3261 Ausonium
565 3195 671 3278 epigr.
698 3209 740 3276 54
764 3215 832 3257 vox
856 3193 983 3276 effigies
1004 3193 1095 3257 idem
1119 3191 1307 3276 significat:

332 3317 500 3400 Effigiem,
525 3335 586 3378 rex
609 3313 745 3389 Croese,
769 3321 874 3388 tuam,
899 3312 1064 3376 ditissime
1089 3332 1206 3395 regum

422 3437 508 3500 vidit
532 3435 624 3518 apud
649 3435 770 3498 Manes
794 3433 969 3515 Diogenes
993 3432 1152 3515 Cynicus

217 3562 323 3645 Apud
348 3555 594 3622 Buechelerum
617 3555 663 3637 (in
688 3554 909 3636 inscriptione
933 3553 1053 3615 vitiata
1076 3552 1170 3636 648):

551 3682 603 3738 est
626 3675 689 3737 sub
712 3674 810 3737 terris
835 3673 958 3755 imago.

216 3798 345 3863 Graece
369 3792 494 3859 εἴδωλον
508 3791 544 3878 ¹),
569 3793 672 3856 etiam
696 3788 850 3868 ἄγαλμα.
872 3790 914 3855 cf.
928 3790 996 3853 Kb.
1019 3791 1083 3873 336
1096 3790 1150 3873 (=
1164 3791 1202 3856 C.
1217 3793 1243 3855 1.
1259 3793 1374 3876 3588):

695 3935 749 3987 με,
775 3909 894 3982 κάλλος
919 3907 1049 3990 ἔχοντα,

371 4033 536 4098 senriorem
561 4037 665 4110 μοῖραι
691 4029 826 4110 πέμψαν
853 4027 982 4107 ἄγαλμ’
1005 4027 1105 4109 ’Aion

222 4233 424 4246 ...---—---

252 4357 278 4425 1)
298 4355 385 4407 Caroli
412 4353 576 4405 Lachmanui
604 4353 631 4402 in
660 4354 692 4403 T.
716 4352 833 4403 Lucretii
852 4352 912 4402 Cari
932 4353 964 4402 de
984 4368 1069 4402 rerum
1088 4358 1181 4402 natura
1198 4351 1283 4402 libros
1302 4369 1374 4404 com·

217 4444 360 4496 mentarius
376 4449 496 4509 quartum
515 4441 601 4491 editus
620 4440 706 4490 Berol.
729 4439 804 4490 1882.
823 4455 850 4504 p.
861 4450 913 4503 234
932 4439 966 4489 ad
983 4454 1009 4502 4.
1021 4438 1087 4504 368:
1109 4439 1225 4506 Servius,
1239 4440 1343 4492 scilicet
1358 4459 1374 4492 e

219 4547 295 4583 versu
315 4542 378 4596 377.
396 4531 430 4580 cf.
449 4537 535 4580 autem
555 4542 581 4590 4.
592 4527 654 4592 366,
674 4525 797 4593 3681369.

249 4618 277 4686 2)
295 4620 329 4669 cf.
357 4618 389 4668 A.
406 4618 435 4667 P.
451 4617 503 4667 VII
531 4614 616 4678 68.3:
642 4610 665 4660 ri
681 4611 728 4660 na!
742 4628 782 4660 σοι
800 4608 915 4673 βίβριὲεν
934 4608 977 4659 ὑπ’
995 4607 1119 4661 ἀδόλοισι
1138 4611 1269 4672 καμόντων
1287 4611 1374 4671 dude.

219 4706 325 4756 Pindari
344 4705 435 4770 fragm.
457 4703 507 4753 108
525 4700 585 4768 (96)
602 4700 674 4765 apud
693 4698 759 4764 ng.
779 4698 807 4747 Ρ.
817 4699 848 4748 L.
859 4697 910 4748 G.³
928 4698 955 4747 I:
974 4694 1038 4761 ζωὸν
1053 4693 1076 4744 δ’
1092 4693 1134 4745 ’ἔτι
1153 4695 1270 4746 λείπεται
1286 4695 1374 4757 elevor

2 4764 177 5104 k
217 4787 325 4840 ittonae
343 4793 424 4842 Hom.
443 4789 495 4840 od.
517 4802 558 4839 11.
569 4787 613 4853 83,
631 4798 693 4854 213,
712 4785 776 4852 476,
793 4785 855 4851 602,
872 4782 918 4850 (ct.
937 4797 963 4846 4.
973 4782 1037 4850 796)
1056 4789 1083 4833 et
1101 4783 1207 4848 passim.
